2824 4992
807 1214 860 1289 X.

476 1351 548 1426 DE
587 1210 815 1428 snl’mdo
855 1345 1004 1424 CLYP.
1040 1343 1149 1422 1111.

443 1555 621 1644 Quamvis
645 1579 787 1660 septem
813 1583 892 1632 esse
917 1555 1016 1657 clyp.
1041 1553 1124 1626 mil.
1145 1577 1190 1626 ex
1213 1552 1326 1624 sond-

291 1684 487 1766 bundare
515 1717 775 1792 cognoscatur,
807 1693 847 1766 in
881 1718 927 1766 eo
959 1713 1102 1784 umen,
1134 1688 1202 1790 qni
1235 1687 1323 1764 ulti-

292 1846 408 1918 mum,
433 1823 481 1901 de
506 1857 584 1928 quo
602 1837 675 1925 jam
701 1852 755 1904 est
769 1825 1035 1918 disserendum,
1060 1825 1231 1916 habeant,
1255 1849 1324 1894 non

294 1961 535 2037 consentiunt.
554 1965 589 2061 ¹)
638 1965 731 2060 Eos,
769 1992 838 2038 nec
864 1960 1075 2044 enecando
1101 1959 1237 2032 civium
1262 1984 1326 2030 or-

289 2087 377 2167 dine
400 2122 469 2170 nec
489 2125 510 2172 e
534 2126 668 2197 genere
692 2099 840 2173 militari
866 2126 946 2173 esse
972 2117 1099 2191 natos,
1130 2121 1201 2196 pro
1227 2111 1322 2166 certo

289 2223 430 2326 hahe03
461 2232 702 2310 nihilominus
731 2256 853 2309 tamen
886 2262 964 2309 sen.
998 2233 1026 2306 l.
1058 2233 1194 2304 liberos
1217 2228 1325 2302 fnisse

288 2361 460 2440 arbitror.
510 2369 698 2470 Competit
723 2399 809 2472 ergo
837 2372 935 2472 clyp.
960 2369 1040 2444 mil.
1064 2367 1238 2466 septimus
1258 2360 1321 2454 iis,

291 2498 358 2594 qui
395 2504 503 2578 tenio
535 2533 603 2581 seu
636 2507 769 2581 ultimo
810 2507 1017 2580 liberorum
1049 2500 1168 2578 ordini
1183 2499 1216 2597 ²)
1249 2491 1322 2568 ad-

287 2633 413 2732 scfipti
444 2661 540 2712 sunt.
600 2641 705 2713 Num
737 2667 825 2715 vero
856 2639 1037 2739 gaudeant
1070 2645 1151 2735 jure
1174 2628 1324 2723 feudali,

287 2765 358 2865 ipsi
384 2765 553 2847 dubitant
576 2775 707 2850 fontes.
758 2776 876 2868 Puto,
909 2777 959 2849 ita
995 2801 1073 2850 esse
1096 2772 1327 2867 distinguen-

286 2900 389 2998 dum,
415 2929 458 2980 ut
481 2911 569 3007 ipsis
596 2910 750 3012 quidem
774 2919 831 3010 jus
856 2910 968 2986 feuda
985 2905 1202 3010 acquirendi
1228 2907 1328 3000 (nam

287 3065 334 3112 ne
359 3041 403 3114 iis
425 3043 590 3142 quidem,
617 3050 682 3147 qui
707 3049 838 3150 clypeo
865 3051 943 3122 mil.
968 3047 1079 3148 plane
1098 3062 1231 3135 carent,
1256 3064 1330 3111 ne-

282 3187 423 3270 gatur‚)
446 3180 741 3264 concedendum,
763 3196 842 3280 {nee
863 3211 951 3258 vero
978 3187 1035 3276 jus
1060 3178 1259 3254 feudales.
1286 3193 1332 3245 st.

283 3337 350 3386 seu
381 3338 511 3388 verum
544 3319 591 3390 sit
614 3318 876 3414 tribuendum3
908 3318 1066 3392 maxime
1097 3338 1220 3390 tamen
1252 3308 1333 3383 hoc

284 3444 369 3520 1000
395 3447 490 3524 inter
515 3450 681 3551 singulos
706 3452 993 3529 discernendum
1019 3475 1073 3530 est
1101 3453 1232 3528 fontes.
1252 3447 1302 3554 ³),

407 3786 439 3867 ¹)
459 3789 552 3868 Spec.
581 3810 649 3855 sax.
678 3791 702 3855 1.
730 3815 758 3854 a.
777 3790 809 3855 3.
832 3793 864 3877 §-
891 3791 922 3857 2.
950 3792 1098 3876 loquitur
1118 3788 1261 3874 'quidem
1281 3791 1339 3857 'de

277 3899 406 3980 septimi
426 3905 511 3985 clyp.
534 3907 601 3968 mil.
622 3909 707 3988 jure,
732 3911 823 3992 ipson
845 3921 961 3989 tamen,
982 3913 1038 3994 qni
1058 3912 1124 3973 hoc
1146 3910 1232 3990 clyp.
1259 3913 1336 3974 mil.

277 4017 447 4096 gaudeant,
467 4043 535 4082 non
550 4024 682 4088 indicat.
712 4025 801 4090 Idem
815 4028 915 4090 habea
929 4031 964 4091 in
977 4029 1043 4110 jur.
1056 4026 1146 4090 send.
1159 4048 1227 4088 sax.
1253 4051 1285 4092 c.
1304 4030 1335 4093 1.

279 4131 349 4199 ven
371 4147 454 4200 auct.
475 4138 517 4201 de
537 4141 611 4208 ben.
631 4165 659 4205 c.
681 4140 712 4207 1.
727 4143 759 4228 ς
780 4141 855 4210 1.2.
885 4144 1134 4230 Spec.a1em.‘c
1166 4144 1197 4206 7.
1216 4169 1250 4228 p.
1279 4147 1338 4210 11.
