2798 4994
274 1226 278 1232 ’
397 1229 855 1330 PRAEFATIO.

96 1489 173 1656 Sr
216 1561 294 1682 qus
343 1561 456 1650 roro
500 1557 732 1669 mirentur,
778 1552 896 1644 suno
942 1549 1149 1666 suenum,

99 1736 177 1850 qui
212 1701 316 1847 agit,
360 1727 415 1815 do
449 1726 590 1844 patrio
633 1723 848 1832 instituto,
890 1747 983 1810 osso
1015 1717 1147 1812 latinu

95 1899 240 2012 lingua
283 1889 592 2008 conscriptum,
628 1889 690 1971 sio
717 1883 927 1991 habento,
970 1907 1150 1999 oportu-

94 2063 179 2149 isse
215 2085 315 2144 eum
344 2049 473 2142 scribi
488 2083 539 2141 eu
559 2049 725 2168 lingua,
754 2073 866 2164 quae
888 2065 951 2134 est
979 2046 1036 2134 ad
1050 2077 1150 2138 aca-

99 2222 292 2310 demicos
320 2218 509 2304 honores
545 2211 827 2327 capessendos
854 2236 938 2299 usu
964 2235 1146 2329 receptu

96 2387 300 2473 Ceterum
321 2375 508 2495 singulas
533 2375 639 2494 juris
667 2375 902 2492 germanici
930 2375 1146 2465 doctrinas

95 2543 341 2667 germanica
383 2539 529 2660 lingua
573 2571 665 2627 esso
708 2537 972 2650 tractandos,
1019 2542 1147 2660 plano

94 2739 186 2802 non
215 2705 473 2796 dubitamus.
528 2707 592 2793 Ut
620 2704 737 2792 enim
758 2705 824 2820 jus
846 2707 1145 2794 Romanorum

97 2875 156 2966 nd
184 2876 505 2962 Germanorum
537 2866 727 2958 instituta
766 2867 878 2958 mole
907 2889 950 2957 st
977 2871 1145 2958 incom-

98 3035 230 3126 modo
246 3032 497 3150 applicatur,
524 3035 585 3121 ita
597 3029 773 3122 illorum
786 3030 931 3152 lingua
947 3061 1048 3120 oum
1062 3033 1146 3122 ho·

95 3229 197 3290 rum
225 3197 355 3285 rebus
376 3196 556 3286 minime
578 3199 785 3316 congruit,
838 3197 1144 3315 lurispruden-

98 3364 176 3474 tia,
203 3379 253 3452 ut
279 3361 394 3450 inter
413 3361 624 3478 populum
650 3365 718 3480 jus
740 3361 948 3451 reddatur
976 3381 1040 3452 est
1068 3393 1143 3450 co·-

94 3525 243 3636 londa‚
275 3525 378 3614 hino
409 3523 719 3643 jurisconsultis
761 3546 826 3614 est
852 3525 1062 3614 utendum
1092 3558 1143 3616 ea

95 3689 261 3808 lingua,
302 3721 436 3808 quam
472 3691 583 3780 cives
625 3711 844 3806 usurpant
916 3688 962 3778 si
997 3711 1143 3780 nostru

94 3857 261 3974 lingua,
295 3876 344 3944 ut
376 3853 573 3945 nonnulli
616 3851 851 3944 rectissimo
887 3851 1143 3966 existimant,

92 4013 156 4110 ‘sd
187 4049 337 4109 omnes
365 4019 561 4109 notiones
596 4019 797 4136 juridicus
827 4019 1142 4135 exprimendas,

95 4179 291 4274 nondum
304 4183 486 4274 habetur
498 4187 600 4273 satis
607 4183 785 4294 exculta,
798 4177 920 4298 quod
936 4205 1142 4302 temporo,
