2798 4994
794 418 844 492 111)

301 628 432 694 titulum
462 628 553 692 ducis
583 629 618 692 ci
643 631 787 714 comitis,
816 633 973 718 principis
1004 641 1117 704 titulus
1139 651 1187 704 cst
1206 644 1351 726 poiitns,

299 748 390 830 prius
413 748 497 808 enim
521 747 619 810 duces
643 758 675 824 ct
696 749 791 812 multi
811 751 946 818 comites
966 767 1105 842 prepter
1125 780 1244 826 munus
1267 763 1350 822 titu-

298 863 333 926 lo
369 865 525 948 principis
553 864 749 948 gaudebant,
788 889 855 950 que
890 875 1022 951 speciali
1050 897 1146 938 neme
1180 881 1350 944 utebatur.

295 979 429 1044 Domini
461 982 502 1044 de
530 983 650 1047 Anhslt
674 984 774 1068 primi
800 997 908 1068 erunt,
942 993 997 1072 qui
1024 995 1180 1076 principis
1213 997 1350 1058 titulum

297 1119 396 1160 sensu
424 1099 587 1164 hodierne
617 1104 781 1182 gerebant.
831 1103 969 1170 Moser
1000 1113 1195 1176 Stsstsrecht
1215 1135 1250 1174 v.
1281 1117 1350 1174 An-

295 1219 367 1283 tnls
394 1241 423 1300 p.
445 1216 498 1284 1³.
546 1219 703 1302 Principis
737 1221 848 1284 titulus
878 1235 912 1288 et
939 1247 1054 1290 munus
1080 1231 1120 1292 sb
1150 1231 1245 1292 initio
1282 1254 1348 1292 non

295 1346 369 1402 eret
388 1336 630 1414 hereditarium,
651 1357 756 1418 neque
777 1361 839 1422 pso
860 1331 970 1406 rerunt
991 1357 1106 1410 nsturc
1127 1350 1161 1412 in
1181 1350 1348 1430 principi-

294 1457 356 1518 bus
380 1454 600 1516 ecclesiasticis
622 1475 761 1538 unquam
781 1457 854 1520 ficri
874 1472 1014 1542 poteret.
1055 1465 1128 1540 Qus
1149 1468 1190 1530 de
1210 1489 1251 1528 re
1279 1489 1346 1527 me.

295 1581 424 1636 moratu
447 1572 578 1652 dignum
600 1582 649 1635 est
672 1567 855 1657 excnsplum
879 1581 1005 1644 comitis
1025 1579 1185 1646 Frencisci
1207 1585 1345 1646 Antonii

295 1691 337 1756 de
358 1689 515 1765 Herrsch,
543 1691 686 1773 episcopi
713 1693 915 1778 viennensis,
953 1700 1104 1782 quicum
1140 1703 1366 1794 episcopatuii

292 1807 508 1882 renunciaret,
528 1827 570 1870 nc
591 1817 706 1895 postea
726 1809 861 1874 mineris
884 1826 970 1876 esset
990 1819 1201 1897 conditionis,
1226 1842 1246 1880 s
1269 1815 1348 1902 rege*

291 1926 491 2007 princeps
515 1935 564 1986 est
584 1927 775 1990 nominatus.
825 1931 988 1998 Kihlcs
1019 1935 1284 2022 Miintsbelustig.
1309 1941 1336 2002 t.

293 2039 347 2108 IV.
367 2066 399 2126 p.
423 2041 494 2104 122.
536 2040 597 2104 lile
628 2063 710 2104 vere
740 2061 989 2114 commemorate
1016 2055 1162 2116 notionis
1182 2058 1331 2140 principis

291 2161 427 2232 mutatio
449 2160 483 2222 in
506 2159 676 2224 comitibus
697 2164 866 2246 marginis,
896 2190 978 2250 quos
995 2173 1129 2234 comites
1149 2177 1270 2256 palatii
1286 2199 1323 2238 η.

291 2280 384 2362 quuti
413 2287 502 2354 sunt,
531 2275 657 2344 initium
686 2281 781 2364 cepit.
834 2281 928 2366 Spec.
953 2288 1048 2350 clem.
1070 2311 1098 2352 c.
1127 2292 1179 2358 45.
1208 2318 1240 2380 p.
1268 2295 1331 2359 182.

288 2396 368 2476 „Ein
389 2396 545 2478 ieglicher
568 2397 729 2479 Masggt·sf
748 2397 816 2460 und
836 2400 1000 2484 Pseizgrsf
1010 2405 1130 2470 habent
1151 2413 1233 2474 such
1248 2417 1334 2478 nicht

288 2516 415 2580 iisssten
441 2517 580 2592 amites,
602 2515 655 2578 die
676 2516 803 2596 srsgent
823 2518 973 2582 wohl-
991 2545 1057 2607 pey
1080 2529 1153 2592 iren
1174 2531 1331 2596 humma<

292 2633 386 2716 Spec.
405 2653 471 2694 sex.
492 2632 528 2692 11.
549 2652 576 2696 c.
598 2631 648 2702 12,
671 2637 698 2710 §.
720 2631 751 2696 6.
770 2633 821 2698 111.
835 2658 862 2700 c.
884 2635 936 2702 64.
958 2647 985 2720 §.
1006 2641 1110 2712 7.111.
1130 2669 1158 2711 tt.
1180 2649 1231 2714 65.
1258 2658 1287 2732 §.
1305 2651 1335 2716 1.

290 2752 390 2816 mede
414 2749 564 2812 comitem
585 2751 736 2832 menginis
759 2773 1006 2842 commemoret,
1030 2773 1063 2826 et
1086 2785 1256 2852 expresse,
1279 2793 1338 2832 co·

285 2871 396 2936 mitem
408 2867 520 2950 pcistii
533 2869 593 2928 sub
608 2870 714 2932 banno
731 2871 816 2954 regis
824 2873 980 2956 judicare,
1004 2886 1183 2950 constitnit.
1195 2887 1339 2952 -Ban-

287 3009 348 3052 nus
370 3008 451 3050 vero
472 2984 574 3068 regis,
597 3007 692 3070 quem
712 2989 775 3072 ipsi
795 3010 887 3074 reges
921 2999 1017 3060 anxie
1033 3002 1096 3064 sibi
1115 3007 1247 3068 servari
1270 3011 1341 3091 pri·
1365 2993 1366 3000 ¹

289 3126 348 3172 erc
364 3125 447 3167 sevo
470 3102 652 3182 studebant,
672 3107 737 3188 jem
759 3109 803 3172 its
825 3111 1010 3195 divulgatus
1032 3131 1097 3197 est,
1117 3131 1157 3182 nt
1177 3145 1250 3186 nen
1270 3149 1341 3188 mo-

287 3225 329 3292 do
347 3221 565 3305 ptincipibus,
587 3221 646 3284 sed
668 3224 761 3292 etiem
783 3249 896 3294 eorum
908 3233 1070 3315 judicibus
1088 3250 1121 3302 et
1133 3241 1270 3324 imperii
1287 3247 1343 3307 nd-

290 3340 417 3404 vocctis
446 3341 535 3421 large
558 3339 701 3406 deretur.
741 3343 836 3428 Spec.
865 3371 934 3418 sex.
953 3353 976 3416 1.
1005 3377 1033 3422 e.
1054 3357 1106 3420 59.
1128 3357 1192 3440 §.1
1223 3360 1287 3427 ltt.
1319 3389 1343 3427 e.

286 3457 338 3522 64.
358 3465 384 3538 ς.
404 3454 437 3520 4.
480 3455 523 3520 Ut
544 3459 671 3540 saepius
697 3463 787 3543 quod
816 3471 986 3534 extensive
1010 3477 1140 3554 crescit,
1170 3481 1344 3544 intensive

286 3577 462 3655 decrescit,
482 3576 528 3638 its
549 3576 645 3640 etiem
664 3579 750 3659 regis
769 3583 866 3646 banni
907 3592 1047 3669 gnavitss
1073 3606 1106 3658 et
1127 3597 1270 3679 dignitus
1298 3614 1345 3665 est

285 3696 417 3758 minuta.
473 3692 624 3770 Axinme,
654 3715 783 3764 omnem
809 3701 844 3765 in
874 3703 1043 3775 Germanic
1069 3713 1345 3796 jurisdictionem

284 3832 355 3876 esee
377 3812 476 3894 segis,
498 3821 531 3872 et
550 3831 674 3892 regem,
695 3817 784 3896 quod
804 3841 872 3886 nen
897 3825 967 3906 ipsc
989 3831 1095 3894 uhivis
1120 3853 1190 3894 esse
1209 3849 1345 3916 posset,

282 3929 410 4014 iudice·
444 3949 505 3994 suc
543 3929 675 3994 nomine
709 3933 763 4016 jus
806 3937 950 4010 dicentes
989 3951 1204 4027 constituere,
1250 3977 1345 4038 spec.

284 4064 355 4112 su.
378 4045 433 4110 111.
455 4070 482 4110 s.
504 4045 556 4112 26.
578 4054 605 4128 §.
627 4045 657 4116 1.
679 4071 707 4116 s.
728 4050 780 4124 52.
802 4063 831 4138 ᾖ.
851 4057 892 4140 2,
914 4060 981 4130 hec
1000 4065 1065 4148 jam
1086 4079 1236 4155 tempore
1261 4076 1344 4136 vel·

285 4163 327 4226 de
349 4163 426 4228 esst
446 4162 650 4230 debilitatum
672 4177 706 4230 et
725 4171 865 4256 laesum,
897 4193 930 4248 et
954 4186 1127 4270 principes,
1156 4199 1192 4252 ut
1213 4191 1250 4254 in
1277 4215 1343 4256 suo
