2798 4994
800 453 826 527 4

294 675 387 740 recht
415 673 506 741 1828.
541 675 669 760 (Secnt.
698 697 767 737 sum
804 675 854 737 ad.
882 676 919 737 in
953 673 1136 758 [boehma]
1167 677 1340 759 diplomat:

294 793 392 858 asin.
415 817 443 858 s.
464 793 656 860 Untersacls.
678 793 738 858 der
755 793 974 856 sclslesiscbeo
994 791 1034 857 ii.
1053 816 1084 862 u.
1105 795 1234 874 Gescb.)

419 909 502 972 Sunt
528 911 657 992 quidem
687 920 721 973 ct
747 911 804 972 alii
823 913 948 986 sontes,
976 933 1070 993 quos,
1096 934 1167 976 cum
1200 916 1340 976 serioris

295 1029 451 1110 temporis
473 1030 554 1106 sint,
582 1050 650 1090 non
679 1028 783 1112 magni
802 1029 907 1092 babeo
930 1031 1103 1108 momonti;
1124 1051 1156 1096 v.
1177 1051 1206 1113 g.
1229 1032 1341 1092 codex

294 1142 460 1229 Ruprecht
480 1145 624 1230 srising.3
645 1167 704 1208 suo
720 1155 826 1208 tamen
841 1147 918 1208 loco
942 1149 1048 1210 ethos
1064 1152 1340 1212 commemorabo.

293 1260 343 1324 Ex
371 1273 463 1346 parte
500 1263 563 1326 hue
595 1265 690 1324 etiam
724 1274 839 1328 nostra
869 1266 904 1328 in
933 1265 1081 1329 doctrina
1108 1267 1339 1330 distinctiones

292 1381 464 1443 saxonicae
483 1381 657 1464 pertinent.

421 1613 451 1698 ¹)
472 1615 522 1682 Ill.
545 1615 704 1680 Kliiber
718 1617 759 1680 de
778 1621 947 1682 nobilitate
964 1617 1145 1685 codicillari
1159 1619 1192 1708 ς.
1211 1617 1243 1684 8.
1264 1621 1337 1700 „Ne

293 1731 336 1792 de
357 1745 541 1796 commento
564 1737 624 1796 illo
649 1747 771 1820 septem
794 1739 986 1820 clypeorum
1008 1740 1127 1817 dicam,
1147 1741 1237 1823 quod
1258 1763 1336 1823 spe-

292 1849 368 1910 cula
388 1857 554 1934 c1·epant.“
594 1855 723 1916 Abeunt
745 1857 851 1916 etalii
872 1856 906 1916 in
925 1855 1008 1918 liano
1029 1861 1229 1922 sententiam.
1250 1859 1337 1920 Cau·

293 1986 357 2044 sae,
379 1989 438 2028 cur
451 1969 496 2028 ita
510 1967 578 2030 VV.
592 1969 662 2030 Do.
678 1981 865 2050 statuerent,
887 1974 921 2034 in
936 1994 974 2034 eo
991 1975 1069 2036 mihi
1083 1977 1336 2058 positaeviden-

291 2091 348 2144 tur
369 2103 457 2160 esse,
477 2087 567 2165 quod
589 2100 736 2149 nostrum
758 2089 936 2152 institutum
954 2093 1011 2154 vel
1030 2115 1097 2156 non
1113 2095 1338 2176 intelligebant

290 2221 351 2262 nec
373 2201 481 2262 sontes
504 2202 609 2284 ipsum
629 2183 832 2268 intellexisse
851 2211 1023 2290 putabant,
1044 2231 1078 2272 r.
1100 2232 1129 2294 g.
1149 2206 1334 2274 Hommel

291 2318 430 2380 academ.
454 2315 565 2381 Redeo
589 2343 615 2389 c.
638 2321 690 2386 IV.
711 2323 743 2408 ς.
761 2321 824 2403 54.,
846 2325 980 2404 veliis,
1004 2349 1021 2389 e
1043 2330 1157 2412 quibua
1179 2330 1331 2392 haurien-

292 2433 334 2495 da
355 2447 403 2496 ost
424 2447 535 2499 nostra
557 2438 716 2520 doctrina,
736 2442 771 2504 in
790 2463 909 2525 genere
930 2445 1026 2506 fidem
1050 2469 1119 2509 non
1139 2448 1324 2509 tribuebant.

291 2551 391 2625 Quod
413 2555 454 2616 ad
481 2553 562 2618 banc
584 2558 697 2620 attinet
725 2579 868 2640 causam,
889 2563 1024 2625 fuerunt
1045 2564 1173 2646 quidem
1199 2587 1323 2650 praece·

290 2667 440 2731 dentibus
470 2671 622 2750 socculis,
653 2676 709 2756 qui
736 2677 803 2738 illis
823 2678 987 2759 fontibus,
1021 2683 1159 2746 maxima
1181 2685 1327 2768 speculis,

289 2785 414 2847 nullam
436 2787 532 2849 iidem
556 2793 832 2856 etauctoritatem
860 2796 1070 2878 largirentur.
1117 2803 1225 2876 Quum
1245 2824 1325 2865 vero

287 2899 410 2965 nostris
433 2907 633 2986 temporibus
655 2909 714 2970 bac
732 2911 767 2972 in
788 2933 825 2974 re
841 2915 1001 2977 neminem
1013 2919 1085 2980 sere
1099 2919 1233 2983 habeant
1246 2943 1329 2982 con-

288 3023 494 3097 sentientem,
537 3045 595 3084 nec
625 3028 704 3087 mihi
730 3027 771 3089 de
796 3035 993 3111 praestantia
1028 3035 1165 3100 illorum
1191 3040 1333 3102 sontium

287 3138 352 3220 jam
382 3139 567 3220 disputandi
597 3151 723 3224 tempus
755 3153 788 3206 et
813 3147 905 3210 locas
933 3153 991 3233 sit,
1020 3157 1061 3218 cf.
1096 3155 1246 3241 Gaupp.
1275 3159 1333 3220 das

286 3256 352 3315 alte
374 3257 519 3338 magdeb.
545 3261 616 3328 and¹
634 3261 791 3324 hallischa
812 3263 915 3328 Reclst
933 3291 967 3352 p.
989 3269 1337 3340 111-114.1100ar-

289 3383 456 3452 gumento,
482 3386 631 3439 nostrum
657 3379 840 3445 institutum
869 3402 1081 3454 commentum
1111 3413 1200 3466 esse,
1234 3395 1335 3458 nullo

286 3491 381 3551 nobis
404 3475 720 3577 persuadentpacto.
763 3499 949 3566 Occurrunt
964 3529 1038 3570 sane
1053 3511 1183 3590 quidem
1203 3513 1237 3572 in
1253 3535 1339 3594 spe-

286 3609 388 3679 culis,
410 3630 490 3690 quae
520 3611 644 3674 nullam
673 3629 840 3683 merentur
860 3622 975 3703 fidem,
1005 3627 1124 3710 quippe
1152 3651 1235 3712 quiae
1255 3633 1338 3695 fere

287 3726 394 3786 omnio
423 3727 586 3792 sactorum
613 3731 783 3800 historiam
803 3743 968 3804 numantia
987 3744 1129 3811 habeam.
1173 3747 1215 3810 Ut
1244 3771 1336 3814 vero

281 3838 491 3905 historiarum
520 3849 733 3932 scriptoribus
763 3858 862 3920 madii
890 3863 965 3922 aevi
997 3884 1100 3942 paene
1128 3874 1253 3926 tontum
1297 3872 1337 3932 in

282 3956 351 4036 bis,
373 3981 453 4040 quae
474 3963 538 4044 ipsi
558 3966 714 4036 viderunt
744 3983 776 4036 ot
797 3978 835 4038 ab
867 3979 1052 4058 aequalibus
1074 3993 1163 4062 gesta
1190 4003 1340 4066 accepe-

281 4086 369 4153 runt,
391 4076 471 4141 fides
495 4091 543 4143 est
563 4084 728 4169 habenda,
756 4093 818 4171 ita,
838 4115 918 4177 quae
939 4097 973 4161 iu
993 4099 1076 4180 juris
1097 4101 1243 4163 fontibus
1267 4123 1336 4164 ex-

280 4201 383 4273 stant,
403 4194 486 4276 bene
505 4211 580 4262 suut
602 4204 850 4288 distinguenda.¹
891 4212 1018 4292 Quodsi
1038 4237 1120 4282 vero
1150 4219 1237 4302 clyp.
1258 4223 1341 4288 mil.
