2742 4998
311 681 383 724 eum
414 675 450 720 se
476 653 642 740 plebeium
670 651 808 729 moeret,
835 653 871 716 iu
898 652 1076 734 eodemque
1097 649 1220 716 ordine
1254 651 1353 712 vellet

309 771 648 850 remouere,suffioere
669 769 731 832 sibi
751 767 971 832 uenditionem
992 789 1098 834 susms
1125 768 1279 832 honeste
1303 769 1353 828 dn-

309 905 420 960 nstuns
441 891 483 956 sd
501 893 638 972 propris
666 887 776 950 redire
795 885 940 968 permisit
967 889 1222 950 contubernis.“
1274 887 1353 948 Con·

311 1011 385 1076 rudi
403 1008 457 1072 tv.
481 1004 560 1090 dipl.
587 1027 637 1088 sp.
667 1004 849 1068 Goldsst.
871 1003 1006 1067 Constit.
1034 1004 1112 1086 Imp.
1132 1003 1238 1066 rom.
1268 1003 1304 1066 3.
1332 1029 1353 1086 p.

311 1127 382 1194 398.
414 1124 563 1205 „Notum
592 1124 726 1184 subimus
755 1121 932 1200 universis,
969 1121 1059 1202 quod
1085 1122 1122 1184 A.
1145 1122 1188 1184 de
1217 1123 1270 1184 N.
1296 1123 1353 1182 Ms-

212 1307 216 1314 .
309 1245 419 1342 jestuti
438 1252 569 1306 nostrse
590 1241 755 1304 humiliter
776 1239 987 1321 supplicavit,
1022 1249 1059 1300 ut
1080 1259 1151 1300 oum
1172 1239 1258 1300 fieri
1284 1242 1353 1300 velit

311 1367 421 1442 miles,
452 1369 485 1422 et
503 1367 596 1441 peter
617 1379 692 1420 snus
713 1358 808 1420 miles
830 1379 899 1420 non
925 1365 1027 1438 esset,
1054 1357 1115 1418 sibi
1137 1357 1272 1418 exinde
1296 1359 1351 1418 lsr-

312 1482 374 1565 giri
393 1477 555 1540 liuentism
573 1475 787 1556 dignoremur.
819 1473 889 1538 Nos
908 1483 1014 1536 sutem
1035 1483 1072 1536 ut
1087 1473 1165 1536 fidei
1186 1495 1275 1536 suae
1293 1498 1349 1536 me·

312 1600 426 1674 situm,
457 1603 489 1656 et
510 1613 660 1669 suorum,
687 1612 747 1674 per
767 1591 942 1674 imperialis
966 1591 1086 1672 grstise
1112 1593 1276 1654 meritum
1299 1594 1348 1654 in-

310 1711 480 1803 perisliter
501 1729 753 1792 compensemus,
779 1707 1067 1792 supplicationibus
1089 1709 1160 1791 ejus
1182 1710 1353 1790 benignius

311 1830 475 1908 inclinati,
502 1827 543 1890 de
570 1827 738 1910 poteststis
767 1835 896 1888 nostrae
920 1825 1141 1907 plenitudine,
1178 1827 1250 1890 sibi
1279 1849 1345 1888 oon·

313 1949 454 2012 cedimus
481 1954 692 2029 potestatem,
717 1941 807 2023 quod
832 1963 1019 2024 quemquam
1040 1953 1134 2026 puter
1155 1965 1244 2008 suus
1268 1946 1340 2006 miles

311 2087 380 2132 nou
405 2063 506 2128 fuerit
534 2071 567 2122 et
593 2061 713 2122 nostris
743 2059 1026 2122 constitutionibus
1055 2072 1234 2142 cessetur,
1271 2066 1335 2148 qnod

311 2185 430 2248 milites
451 2179 524 2240 fieri
542 2188 718 2260 nequeunt,
748 2178 804 2258 qui
826 2177 866 2240 de
887 2198 1004 2260 genere
1026 2181 1164 2242 militum
1189 2203 1264 2244 non
1278 2205 1326 2243 nu-

312 2313 447 2379 ountur,
471 2298 540 2381 ipse
571 2305 694 2374 tumen,
719 2295 760 2356 de
783 2295 931 2358 culminis
960 2297 1065 2358 nostri
1086 2298 1225 2360 licentia
1254 2302 1338 2360 deco-

311 2423 378 2486 ruri
398 2419 506 2482 velent
527 2414 664 2496 cingulo,
678 2413 818 2476 militari.
827 2415 846 2450 “
887 2411 968 2474 Hine
989 2414 1154 2492 videmus,
1181 2437 1275 2496 reges
1291 2421 1343 2480 bus

310 2541 399 2620 leges
420 2539 458 2598 sb
480 2534 557 2616 ipsis
574 2533 714 2614 perlutus
736 2553 802 2594 non
821 2541 984 2611 sequutus,
1007 2539 1113 2613 eoque
1130 2553 1256 2596 omnem
1277 2537 1344 2596 dis-

311 2657 486 2720 fioultetem
515 2669 585 2710 esse
614 2649 781 2708 subletum.
823 2647 938 2728 Neque
965 2658 1070 2710 tumen
1091 2650 1172 2712 illos
1197 2652 1345 2716 homines

312 2776 351 2836 ub
372 2771 454 2854 ipso·
474 2786 551 2848 rege
572 2767 690 2828 milites
718 2775 842 2828 orestes
868 2787 936 2828 esse
963 2767 1126 2841 arbitror,
1155 2772 1263 2832 multo
1287 2796 1345 2855 po·

311 2893 376 2956 tius
404 2889 443 2950 sb
471 2906 510 2946 eo
540 2885 684 2961 venium,
713 2893 751 2946 ut
775 2884 892 2946 milites
920 2883 992 2946 fieri
1018 2885 1163 2966 possint,
1192 2901 1346 2970 rogatam,

311 3028 392 3092 quse
417 3005 506 3068 forte
532 3003 628 3086 gustis
656 3023 723 3064 non
750 3002 921 3086 impetratu
950 3002 1010 3078 sit3
1050 3003 1186 3064 militem
1226 3028 1346 3068 novum

311 3133 479 3208 praeterea
493 3140 554 3181 rex
574 3120 635 3180 sibi
651 3119 748 3180 valde
767 3120 995 3198 obstringebst.
1021 3117 1077 3180 Jus
1090 3141 1171 3184 oues.
1188 3122 1248 3187 111.
1272 3149 1301 3190 n.
1321 3127 1345 3189 8.

312 3243 385 3316 Quo
408 3260 492 3304 vero
518 3237 651 3312 militari
674 3235 801 3318 cingulo
825 3257 996 3314 concesso,
1022 3247 1122 3298 status
1150 3240 1253 3302 elatio
1282 3267 1348 3306 sen.

311 3385 349 3427 su
372 3371 408 3424 st.
430 3377 497 3418 non
518 3365 704 3438 perpetrate
726 3365 782 3416 est.
822 3356 886 3427 Qui
905 3355 969 3436 jum
992 3374 1010 3415 e
1030 3376 1146 3439 genere
1170 3372 1271 3421 eruut
1295 3366 1349 3424 sni-

310 3479 407 3555 litsri,
428 3492 578 3538 novum
597 3473 823 3535 intermedium
838 3473 1035 3536 constituere
1052 3475 1206 3546 ,ordinem
1227 3499 1350 3562 eoepe-

310 3606 406 3667 runt,
436 3592 554 3675 quippe
581 3611 676 3671 quem
703 3592 789 3652 inter
808 3590 984 3652 seeundum
1013 3600 1044 3652 et
1064 3593 1197 3654 tertium
1218 3617 1351 3675 ponen-

312 3717 389 3778 dum
402 3707 664 3781 duom—Quum
679 3709 797 3769 milites
809 3708 946 3770 maxims
959 3709 1033 3790 jure
1049 3718 1081 3770 et
1095 3710 1280 3792 privilegiu
1295 3717 1351 3776 boc

312 3843 460 3912 ternpore
475 3827 647 3902 baberent,
686 3835 718 3886 et
731 3826 816 3889 inter
832 3846 867 3888 se
883 3827 1043 3888 sedulium
1065 3849 1158 3890 more
1179 3831 1351 3912 conjuncti

312 3958 435 4025 essent,
461 3945 616 4017 militares
638 3944 785 4025 sequenti
805 3954 952 4026 tempore
974 3945 1016 4006 sd
1042 3945 1238 4008 inferiorem
1264 3953 1351 4012 rese-

309 4067 464 4130 rebantur
491 4062 703 4136 nobilitatem.
743 4060 917 4126 Hominum
944 4061 1078 4126 secundi
1101 4063 1229 4126 ordinis
1263 4089 1351 4150 quan

310 4183 459 4268 plurimis
486 4181 521 4244 in
552 4177 738 4262 regionibus
768 4199 888 4265 pervus
916 4181 1078 4244 exstitisse
1112 4181 1252 4244 videtur
1294 4209 1351 4248 nu·
