2798 4994
819 439 867 512 te

322 670 354 754 ς.
381 663 434 730 70.
462 666 494 726 b.
521 665 609 744 clyp.
631 662 699 724 atil.
715 659 919 742 ¹divisionem
943 659 1086 722 omniunt
1108 659 1290 722 liberorum
1313 679 1364 718 seu

322 797 462 848 statuum
493 781 686 843 existimant.
708 777 915 841 Eicbborn
945 777 982 840 Τ.
1004 775 1050 840 St.
1080 773 1364 858 n.1t.c.§.294.

322 904 410 982 „Die
441 899 638 977 Abtlreilung
667 896 751 958 aller
777 893 893 956 Freien
922 894 956 956 in
986 895 1096 954 sieben
1125 893 1258 952 Classen
1289 893 1364 953 oder

324 1017 544 1084 lleerschilde.
579 1013 690 1098 Ejusd.
711 1013 842 1074 Einleit.
859 1013 893 1077 in
910 1011 966 1072 das
982 1021 1005 1072 t.
1020 1011 1071 1074 Pr.
1087 1011 1118 1096 ς.
1135 1010 1187 1078 56.
1206 1006 1364 1084 „Reichs-

323 1136 510 1202 heersclrild
538 1168 580 1184 ·-
608 1132 690 1194 nach
713 1131 871 1192 welcbem
893 1129 946 1192 die
968 1129 1227 1194 verschiedenen
1248 1131 1364 1190 Abstu-

324 1260 446 1338 fnngen
468 1253 528 1314 der
549 1249 669 1315 Stinde
692 1249 882 1310 bezeichnet
902 1248 1070 1312 werden.“
1093 1247 1179 1308 llaec
1201 1247 1364 1318 sententie,

323 1369 470 1456 quamvis
498 1371 568 1432 sine
596 1367 798 1428 dubitatione
818 1364 934 1428 verior
955 1375 1005 1428 est
1026 1386 1119 1446 qnam
1139 1364 1363 1446 praecedentes

324 1492 513 1574 opiniones,
541 1507 580 1548 eo
603 1496 710 1548 tamen
730 1484 809 1546 mibi
829 1483 1054 1563 restringenda
1077 1465 1318 1564 videturesse,
1336 1491 1363 1540 ut

307 1612 408 1691 clyp.
422 1607 489 1668 mil.
504 1625 572 1666 non
592 1604 656 1664 sint
669 1602 790 1664 divisio
807 1599 949 1662 omniunt
962 1601 1161 1676 liberorum,
1190 1599 1248 1662 sed
1269 1601 1361 1662 modo

324 1747 456 1800 eorum,
477 1724 533 1803 qui
546 1731 635 1786 reeta
650 1721 749 1782 feuda
764 1720 935 1782 hebebant.
981 1716 1017 1781 ld
1031 1719 1115 1781 enim
1129 1718 1270 1780 maxime
1295 1740 1359 1800 spe·

322 1843 476 1908 etendum-
489 1850 547 1915 est,
569 1839 765 1901 divisionem
776 1839 810 1898 in
822 1836 985 1917 clypnil.
995 1855 1062 1899 non
1072 1851 1143 1898 este
1156 1836 1238 1919 juris
1251 1836 1358 1910 civilis,

323 1962 380 2022 sed
394 1960 477 2043 juris
491 1956 648 2032 feudalis3
670 1955 773 2035 quid?
790 1955 880 2034 quod
894 1973 936 2014 ex
951 1954 1026 2035 jure
1040 1955 1132 2022 civili
1146 1973 1259 2016 omnes
1273 1955 1358 2016 liberi

322 2081 358 2140 in
386 2087 453 2138 tres
476 2074 609 2138 ordines
631 2039 920 2153 distinglrebantnr.
984 2073 1113 2146 Quodsi
1135 2083 1244 2136 essent
1263 2071 1358 2134 nostri

324 2195 458 2258 ordines
495 2192 577 2274 juris
614 2189 739 2266 civilis,
784 2177 863 2271 ipsis
899 2192 1118 2272 generationis
1152 2192 1356 2272 coaequalitas

321 2306 629 2396 (Ebenbiirtigkeit)
656 2309 865 2384 consisteret,
900 2309 993 2388 cnjus
1024 2323 1103 2370 vero
1130 2311 1182 2370 rei
1202 2329 1244 2370 ne
1265 2309 1356 2370 vesti-

323 2431 410 2510 giem
438 2427 568 2508 quidem
585 2427 755 2494 babemus.
798 2424 881 2488 Hinc
908 2428 995 2508 clyp.
1022 2427 1090 2488 mil.
1113 2427 1274 2507 acquisito,
1290 2447 1353 2486 non

324 2547 375 2628 jus
390 2546 498 2621 civile,
518 2544 577 2606 sed
589 2543 721 2604 fendale
743 2542 916 2621 tribuitur-3
938 2564 1023 2625 spec.
1039 2565 1107 2611 sax.
1121 2543 1144 2608 l.
1159 2542 1239 2608 aab.
1249 2541 1346 2626 (Epis-

324 2663 400 2743 copi
422 2671 455 2722 et
469 2657 666 2742 abbatissae)
687 2659 876 2738 „lantreebt
902 2682 944 2724 ne
964 2663 1123 2726 irwereet
1150 2683 1186 2726 se
1208 2683 1281 2724 aver
1300 2661 1351 2720 dar

323 2779 418 2842 mede
446 2778 554 2862 (clyp.
576 2775 664 2858 mil.)
684 2777 809 2838 nicht.“
852 2777 935 2842 Hinc
956 2789 1079 2844 mutuo
1102 2783 1188 2862 clyp.
1211 2783 1275 2844 mil.
1295 2801 1355 2840 non

320 2907 462 2960 mutetur
484 2897 536 2978 jus
559 2895 674 2971 civile3
694 2916 780 2976 spec.
802 2917 871 2960 sax.
893 2897 945 2963 lll.
970 2919 999 2960 a.
1020 2898 1073 2961 65.
1093 2899 1125 2982 §.
1146 2899 1177 2964 2.
1200 2901 1304 2978 „Wirt
1324 2920 1358 2958 en

321 3037 394 3080 men
420 3016 507 3080 eines
535 3023 675 3092 genoten
704 3035 794 3090 man,
826 3016 897 3076 sine
917 3017 1003 3078 bord
1024 3019 1111 3080 nocb
1133 3019 1184 3078 sin
1204 3017 1359 3081 lantreobt

321 3153 362 3194 ne
379 3133 491 3194 ‚bever
519 3131 561 3196 be
588 3131 870 3209 niebtgekrenket
890 3134 949 3212 dar
969 3137 1074 3210 mede,
1095 3138 1189 3198 sinen
1209 3137 1358 3200 herachilt

321 3251 421 3321 hevet
446 3249 489 3312 he
516 3259 596 3310 aver
625 3247 824 3328 genedertfl
850 3252 940 3314 'Hinc
969 3253 1108 3335 deniqne
1137 3257 1255 3318 amisso
1280 3258 1359 3336 clyp.

322 3369 400 3443 mil„
423 3388 491 3428 non
513 3365 670 3430 amittitur
698 3367 751 3448 jus
773 3369 888 3448 civile3
916 3390 1000 3452 spec.
1021 3393 1090 3436 ssx.
1114 3375 1136 3436 l.
1159 3397 1187 3436 a.
1207 3373 1261 3442 25.
1284 3375 1314 3459 ς.
1333 3371 1359 3434 4.
1378 3355 1379 3367 ἵ

319 3485 428 3558 Quum
457 3503 534 3563 ergo
560 3484 737 3546 secundum
757 3486 810 3568 jus
832 3489 930 3550 civile
951 3489 1071 3552 civium
1094 3492 1227 3554 ordines
1249 3494 1359 3565 adsint,

318 3603 407 3682 clyp.
433 3602 502 3669 nil.
531 3622 601 3666 non
623 3602 669 3662 ie
678 3614 825 3683 spectare
845 3617 1001 3688 possunt,
1034 3611 1092 3668 sed
1114 3610 1205 3672 aliud
1226 3611 1361 3674 civitatis

318 3719 518 3796 institutum,
551 3719 642 3801 quod
670 3730 720 3781 est
739 3724 919 3786 institutum
940 3714 1080 3790 feudale.
1122 3731 1172 3788 W.
1193 3725 1224 3790 F.
1245 3727 1360 3808 Kopp

315 3835 514 3900 ,Bitderund
528 3835 692 3898 Schriften
715 3839 775 3902 der
790 3840 924 3904 Voraeit
938 3841 972 3908 P.
988 3841 1012 3903 l.
1029 3846 1096 3904 obs.
1111 3842 1140 3906 1.
1155 3846 1187 3928 ἦ.
1207 3845 1235 3908 6.
1258 3869 1294 3926 p.
1314 3845 1361 3908 22.

317 3955 425 4032 „nen
446 3975 515 4016 nun
540 3953 595 4016 eie
615 3955 796 4020 estante..
822 3961 933 4022 neser
953 3941 1164 4026 sennense
1191 3963 1289 4024 wohl
1312 3962 1363 4022 aut

318 4070 376 4134 das
398 4071 622 4149 Lebnasvesen,
644 4077 723 4136 aber
743 4077 801 4137 aul
819 4077 884 4140 den
897 4088 1013 4146 statum
1028 4081 1187 4142 libertatis
1203 4081 1296 4142 nicht
1313 4081 1361 4140 die

316 4189 475 4252 mindeste
512 4191 694 4276 Beaiehung
728 4194 877 4274 hatten,“
916 4206 975 4258 ete.
1014 4200 1168 4278 Sydon
1205 4197 1361 4260 Darstell.
