2742 4998
784 1428 794 1448 .
826 1377 893 1451 lx„

527 1515 597 1589 DE
632 1375 800 1589 813le
836 1510 982 1586 CLYP.
1016 1508 1124 1585 MIL.

460 1722 562 1798 Inter
586 1720 755 1795 homines
781 1717 902 1819 quinti
937 1716 1104 1818 sentique
1132 1716 1240 1820 clyp.
1283 1717 1353 1790 mill

309 1893 351 1942 ac
375 1860 473 1938 tertii
493 1857 688 1959 quartique
704 1855 833 1929 similis
857 1851 1051 1929 intercedit
1072 1851 1187 1949 rati03
1217 1853 1343 1928 habent

310 2001 404 2079 enim
419 1996 505 2071 illos
522 1993 617 2094 clyp.
634 1989 713 2062 mil.
737 1988 899 2086 ejusdem
916 1987 1055 2064 ordinis
1076 1989 1185 2064 cives.
1228 1993 1337 2080 Quum

308 2164 395 2213 vero
423 2125 676 2205 ministeriales
704 2123 1032 2226 (Dienstmannen)
1060 2153 1102 2200 ex
1129 2128 1262 2224 regula
1279 2154 1328 2199 se-

303 2268 432 2373 cundo
459 2266 532 2338 sint
557 2261 731 2362 adscripti
747 2258 883 2356 ordini,
908 2257 1018 2335 feuda
1034 2262 1105 2338 sibi
1127 2289 1336 2364 comparan-

305 2432 360 2486 tes
403 2406 443 2480 in
491 2399 564 2474 hoc
611 2399 708 2500 clyp.
757 2396 836 2472 mit.
889 2396 1026 2496 positos
1078 2425 1183 2496 esse,
1235 2398 1343 2472 intel-

306 2545 451 2643 ligimus
489 2537 532 2636 ¹).
595 2534 767 2610 Ceterum
807 2534 899 2608 sexti
933 2533 1030 2634 clyp.
1070 2533 1149 2610 mil.
1189 2533 1345 2608 vasallos

177 2667 181 2676 ¹
304 2678 524 2752 arbitramur
550 2670 714 2763 ultimos,
741 2667 808 2769 qui
822 2665 926 2742 leudi
950 2667 1028 2744 veri
1050 2668 1250 2770 participes
1267 2670 1345 2744 ficri

304 2830 459 2916 possunt
482 2808 529 2902 2).

430 3133 459 3217 ¹)
482 3130 576 3214 Spcc.
606 3147 675 3190 sax.
697 3123 721 3185 l.
743 3146 771 3192 t.
792 3125 822 3192 3·
845 3124 923 3210 §2
965 3125 1044 3204 „Ira
1069 3126 1134 3208 (dc
1162 3131 1345 3212 scepcnba·

301 3279 339 3321 re
360 3253 454 3332 liide)
476 3268 591 3310 manno
620 3253 698 3308 vort
719 3243 782 3305 den
809 3248 942 3306 aesten“
970 3243 1063 3327 Spec.
1091 3247 1184 3313 alem.
1210 3270 1238 3311 c.
1262 3248 1299 3311 7.
1318 3271 1344 3330 p.

303 3374 352 3436 11.
381 3370 468 3448 „Dia
489 3367 700 3427 Dienstmcnn
722 3362 972 3426 denscchstcn.“
1013 3363 1186 3424 Glorsnad
1200 3366 1260 3447 jus
1288 3387 1347 3427 sax.

301 3489 452 3570 municip.
482 3507 508 3546 a.
539 3481 568 3546 8.
612 3481 711 3560 „nen
738 3479 885 3541 scchsten
920 3479 1112 3542 Heerschild
1139 3482 1348 3546 ritterliclrer

243 3684 245 3689 Ι
301 3605 505 3686 wttrdigkeit
525 3602 629 3664 haben
651 3599 710 3659 der
730 3592 896 3678 Freyhern
917 3619 1030 3660 manne
1052 3619 1148 3660 mann
1168 3601 1244 3662 und
1261 3603 1348 3663 heis·

301 3747 358 3788 sen
379 3719 565 3800 Einsclriltig
585 3718 668 3791 leut‚
691 3715 804 3774 darum
818 3714 873 3776 das
896 3714 942 3776 sie
959 3717 1105 3798 cinleltr'g
1124 3716 1190 3776 sint
1212 3739 1262 3779 ttn
1282 3721 1349 3780 den

303 3839 501 3913 Hecrscltild,
524 3837 579 3896 das
601 3836 704 3896 istan
726 3832 799 3892 dem
819 3833 1021 3894 rittcrlichen
1041 3834 1155 3894 Adcl.“
1184 3833 1349 3919 Reliquas

300 3961 427 4041 glossae
453 3955 525 4016 sera
552 3950 767 4014 consentiunt.
815 3949 880 4022 Qui
907 3960 1055 4012 nostrum
1088 3951 1287 4016 institutum
1319 3951 1349 4014 ad

297 4075 476 4138 hodiernos
489 4069 651 4152 applicant
660 4075 769 4144 status,
783 4063 868 4128 hunc
884 4067 969 4148 clyp.
979 4068 1045 4129 mil.
1062 4067 1270 4132 doctoribus
1290 4073 1348 4156 jun

298 4189 461 4256 tribuunt!
480 4222 523 4236 -
543 4181 770 4247 Ministeriolea
789 4180 1068 4270 (Dienstmsnnen)
1088 4186 1281 4250 secundum
1304 4191 1348 4274 jur
