2798 4994
792 453 844 528 44

681 547 961 578 utu-ffl—

297 695 425 748 strom
444 699 507 743 neo
532 676 653 760 segni
680 677 821 746 nostri
847 679 1050 740 honorem
1078 675 1217 742 ulterius
1236 681 1345 742 volo-

297 825 385 880 snos,
412 809 449 866 ot
475 799 621 862 Ιιιὴοιιιι
670 793 742 856 Hoo
772 792 848 858 looo
874 815 955 872 rex,
980 795 1080 880 ipsios
1099 795 1264 862 honorem
1288 821 1348 860 seo

298 923 485 1004 dignitatem
506 934 640 978 munere
660 914 695 980 in
719 913 802 976 elios
824 933 894 974 esse
918 913 1120 992 translstem,
1141 915 1227 978 olere
1251 917 1344 980 dicit.

295 1037 435 1114 Quodsi
449 1054 510 1096 rex
524 1031 708 1115 exprimere
722 1031 893 1109 noluisset,
913 1031 1009 1094 sliter
1021 1051 1091 1094 rem
1099 1034 1344 1114 proposuisset,

296 1179 340 1224 ne
355 1159 387 1232 ii,
410 1169 655 1236 quommesuss
675 1149 830 1231 sosiptom
853 1159 922 1212 esst
943 1149 1139 1232 espitolsse,
1157 1151 1227 1235 jos,
1252 1154 1345 1234 quod

296 1281 367 1360 ipse
380 1271 489 1336 noluit
503 1267 693 1343 consedere,
715 1266 952 1340 sibisiodiesre
963 1279 1108 1350 possent.
1129 1268 1269 1347 livero,
1293 1271 1346 1351 qui

296 1395 382 1478 regis
398 1383 613 1472 fungebesitos·
627 1384 823 1464 ministeriis,
845 1385 1090 1465 srsntoosnites,
1111 1407 1254 1470 qnorum
1274 1410 1346 1450 mu-

297 1535 377 1579 ners
399 1515 433 1574 in
454 1503 971 1591 supremsjisrisdiotione
994 1507 1232 1568 exercende
1261 1529 1343 1570 oon·

300 1635 435 1696 stobent.
455 1628 614 1701 Qoi'haeo
627 1643 747 1687 veros
761 1639 838 1705 rege
858 1622 1057 1705 eoeipiebsnt
1079 1643 1231 1702 monere,
1263 1629 1344 1709 regis

297 1757 417 1829 benno,
432 1747 487 1828 qni
503 1745 596 1808 etism
612 1742 792 1806 domioieus
804 1749 951 1818 soenes,
974 1740 1075 1823 Cepit.
1091 1763 1119 1802 ιι.
1133 1738 1207 1806 810.
1217 1741 1341 1823 e.4.,ab

296 1872 391 1934 initio
415 1887 481 1928 non
504 1863 691 1945 geodebsnt.
731 1859 831 1941 Cepit.
847 1860 963 1922 ineest.
977 1879 1024 1921 sn.
1043 1881 1068 1922 o.
1086 1857 1138 1924 57.
1181 1861 1250 1938 „Ut
1263 1867 1340 1928 hm.

294 1975 373 2065 nns,
394 2003 489 2067 qoem
509 2002 570 2064 per
591 1987 692 2040 semet
712 1977 817 2058 ipsun
844 1975 994 2038 dontinus
1015 1975 1194 2060 iinpmtor
1221 1981 1336 2044 benni·

294 2107 353 2182 vit,
375 2101 539 2182 sexaginta
553 2095 680 2158 solidos
701 2095 861 2156 solentes.
904 2094 1012 2158 Ceteri
1031 2115 1114 2158 veno
1129 2099 1241 2178 bonni,
1263 2123 1332 2183 quos

296 2222 431 2286 eomites
453 2227 485 2278 et
510 2215 635 2299 judiees
657 2211 794 2289 isoiont,
822 2211 1000 2276 seonndoos
1029 2215 1133 2295 legem
1161 2217 1263 2278 nnius
1284 2239 1326 2280 eo·

294 2342 412 2426 jusque
433 2333 702 2417 οοιιιῙιιιιιιιιίιιιι.κ
751 2328 900 2394 Fortssse
927 2331 987 2394 snb
1008 2329 1129 2394 carolo
1152 2332 1194 2395 tt.
1223 2335 1335 2418 singoli

296 2458 429 2520 comites
451 2453 534 2536 segis
556 2453 696 2514 bennum
723 2447 832 2534 adepti
861 2458 946 2512 sont.
999 2447 1075 2533 Cep.
1098 2469 1141 2512 ex
1167 2461 1247 2534 port.
1268 2473 1334 2514 ιιι.

296 2597 324 2638 ι.
344 2572 417 2640 798.
439 2593 466 2634 o.
487 2569 540 2634 ³1.
563 2569 651 2630 liene
672 2569 776 2650 ipsam
797 2585 880 2628 vero
904 2569 1103 2650 seipobh'ese
1127 2568 1330 2632 mutationem

295 2692 515 2775 gravissimum
532 2696 564 2748 et
577 2704 692 2748 verum
705 2684 847 2746 moneris
861 2693 892 2746 et
906 2685 1070 2766 dignitstis
1090 2688 1293 2770 principat
1304 2690 1337 2748 is

294 2811 539 2874 fundamentum
561 2815 667 2866 statuo
685 2812 780 2886 etque
795 2822 897 2886 pono.
938 2803 1020 2865 Nom
1042 2823 1084 2866 eo
1101 2807 1236 2868 comites
1256 2808 1338 2888 regis

294 2928 429 3012 aliquod
448 2926 620 3010 proprium
649 2932 725 2986 snnt
745 2925 840 2986 asoti.
891 2919 969 2984 No'n
1003 2921 1106 2984 modo
1132 2943 1249 2986 eornm
1275 2947 1341 3006 po-

294 3051 397 3108 tentis
424 3054 473 3106 est
500 3053 609 3120 snots,
636 3041 695 3104 secl
717 3035 814 3104 etism
836 3039 973 3122 dignita
994 3059 1096 3122 peene
1114 3042 1232 3124 regalis
1248 3044 1340 3119 sacta,

292 3167 347 3243 ita,
368 3173 406 3225 ut
426 3161 482 3246 qni
501 3161 587 3240 regis
602 3163 709 3222 benno
731 3165 824 3222 erent
842 3157 958 3241 potiti,
978 3157 1048 3240 regi
1079 3179 1149 3222 sese
1169 3161 1342 3242 proximos

293 3285 462 3347 inherent.
515 3278 606 3352 Quse
634 3287 668 3340 et
696 3294 747 3342 eo·
767 3278 1043 3354 sorroboientus,
1073 3277 1176 3359 qnod,
1208 3281 1269 3360 qui
1293 3301 1340 3342 η.

292 3401 404 3487 quenti
433 3409 582 3480 tempore
612 3417 677 3458 non
706 3397 764 3458 snb
793 3395 879 3476 regis
906 3395 1013 3456 benno
1043 3395 1247 3479 judicabunt,
1289 3399 1345 3458 sed

292 3523 352 3582 sub
368 3514 519 3602 proprio,
533 3523 569 3576 ot
585 3517 719 3576 comites
729 3513 842 3597 poletii
858 3512 1058 3596 etnsrginis,
1070 3513 1234 3596 principes
1244 3535 1344 3578 sensu

291 3647 359 3700 vet.
382 3645 415 3698 st
435 3634 547 3712 stt-iot„
577 3651 645 3695 non
674 3632 953 3696 existimsbsntnn
982 3631 1025 3692 oi·
1046 3633 1077 3718 ς.
1097 3629 1128 3696 6.
1150 3653 1183 3698 n.
1204 3633 1237 3696 ὃ.
1261 3636 1346 3696 Cum

291 3754 448 3842 principis
474 3751 612 3813 notione
635 3769 729 3831 ergo,
749 3761 814 3812 tons
835 3728 923 3811 nnete
944 3766 1061 3814 monos
1083 3760 1116 3814 et
1135 3752 1264 3814 smnus
1289 3773 1347 3814 re-

292 3875 359 3958 gis,
380 3875 419 3936 sb
442 3873 514 3954 ipso
537 3869 571 3930 in
592 3869 726 3930 i'enduns
754 3869 866 3946 dstus,·
884 3869 1080 3954 oonjnootns
1106 3879 1195 3948 esst,
1216 3880 1265 3947 ot,
1291 3869 1347 3952 qui

292 4013 409 4058 munus
431 4002 464 4054 et
484 3989 625 4050 bennum
647 3987 720 4069 jore
737 3989 876 4070 proprio
899 3989 1070 4068 hobebent,
1093 3988 1259 4071 principes
1277 4009 1347 4050 no-

293 4124 363 4174 stro
386 4129 483 4174 sensu
499 4127 560 4171 nec
582 4114 708 4181 essent,
727 4123 788 4167 neo
807 4105 843 4170 in
863 4107 1010 4169 fontibus
1032 4115 1241 4168 vocarentur.
1288 4105 1347 4168 Jus

293 4227 380 4294 send.
403 4229 496 4290 elem.
518 4249 545 4290 o.
566 4221 639 4286 143.
660 4221 691 4304 ς.
709 4220 740 4287 7.
781 4225 877 4302 „Der
904 4225 991 4288 fiirst
1009 4221 1128 4310 heyset
1154 4223 1269 4286 deson
1294 4224 1348 4283 ein
