2798 4994
798 459 847 529 26

675 559 957 572 *natue-w·—

298 683 335 741 in
356 677 565 762 expeditione
587 699 736 754 romana,
764 697 826 758 qua
844 678 993 742 Germani
1017 699 1089 740 cum
1110 677 1342 761 Langobardis

298 799 552 875 concurrebant,
586 797 736 859 viderent
768 795 853 859 illud
881 797 1078 875 institutum,
1119 806 1151 858 et
1179 817 1213 858 se
1244 799 1349 860 simili

297 933 393 994 egere
414 917 586 993 sentirent,
608 935 754 980 normam
774 915 913 977 tortasse
935 914 1019 976 illud
1048 911 1345 997 Longobardorunr

299 1035 493 1116 institutum,
507 1034 602 1116 quod
614 1034 677 1118 jam
693 1035 805 1116 plures
816 1031 881 1094 vv.
891 1031 957 1092 DD.
967 1015 1173 1112 monuerunt,
1194 1037 1344 1115 praebu-

296 1151 325 1211 it
347 1151 516 1213 ordiniBus
539 1153 623 1232 clyp.
644 1151 712 1218 mil.
726 1133 971 1212 constituendis.
993 1149 1029 1210 Si
1043 1151 1128 1212 enim
1142 1153 1345 1228 consideras,

299 1251 386 1350 apud
408 1268 642 1350 [longobardos
661 1269 755 1350 'regis
774 1269 933 1329 'ordinem
963 1278 996 1330 et
1024 1268 1207 1350 principum
1230 1271 1344 1329 eccle-

297 1388 502 1448 siastieorum
524 1401 648 1463 vacare,
671 1369 844 1468 septimum
862 1369 944 1448 v'ero
957 1371 1047 1468 clyp.
1062 1373 1245 1448 militensis
1261 1405 1345 1447 vcra

296 1505 443 1584 accipere
466 1527 532 1566 non
552 1523 664 1587 posse,
702 1507 796 1580 hinc,
815 1507 842 1566 si
870 1506 980 1568 maris*
1002 1527 1069 1596 non
1093 1505 1271 1582 exsistere,
1304 1507 1342 1565 dc

297 1641 361 1701 quo
392 1622 496 1700 inira,
525 1633 649 1688 restant
669 1633 849 1709 quatuor
877 1623 1008 1687 ortlines
1033 1622 1343 1704 'Longobardorum

294 1739 330 1800 Si
350 1758 434 1801 ‘vero
456 1741 491 1802 in
519 1741 574 1820 iis,
600 1763 681 1827 quaa
703 1743 744 1805 de
767 1740 892 1823 origine
914 1743 999 1824 clyp.
1029 1743 1096 1805 mil.
1126 1764 1145 1805 e
1166 1741 1241 1826 jure
1263 1745 1341 1803 lon-

297 1859 472 1941 gobardico
502 1861 748 1944 proposuimus,
778 1860 918 1940 aliquem
940 1861 1093 1920 trabernas
1130 1863 1341 1922 consentien-

295 1989 377 2055 tem,
394 1977 486 2036 'illius
510 1977 752 2038 constitutionis
768 1983 886 2036 sentus
909 1979 939 2037 ei
965 1961 1102 2059 patebit.
1154 1977 1218 2038 De'
1236 1982 1336 2040 abba·

294 2097 391 2155 tis'sae
413 2096 446 2153 et
468 2081 613 2175 episcopi
635 2091 720 2154 enim
737 2093 822 2175 clyp.
837 2093 907 2155 mlle
923 2096 1039 2174 sancit,
1063 2097 1138 2177 quia
1158 2095 1192 2156 hi
1216 2107 1248 2156 et
1261 2099 1336 2156 illae

293 2215 327 2273 iu
363 2191 532 2272 ordinibus
553 2213 753 2275 vasallorum
774 2214 1094 2296 'longobardicorum
1122 2235 1190 2275 non
1221 2237 1335 2276 occur·

295 2341 389 2407 runt,
410 2329 453 2390 de
471 2351 585 2392 eorum
600 2353 675 2413 ergo
694 2338 780 2415 clyp.
792 2334 868 2396 zmil:
880 2334 1003 2394 sancitu
1025 2319 1165 2394 marine
1185 2343 1254 2395 erat
1274 2357 1332 2394 ne-

294 2455 441 2512 cessaria„
464 2438 643 2522 Quemnam
650 2447 736 2511 nero
745 2450 780 2512 tsi
791 2435 1327 2532 illaequeabiuitilshab‘erentolyp.

295 2571 373 2646 mil,
389 2575 502 2629 nostra
517 2559 707 2628 constitutio
721 2587 789 2628 non
804 2569 934 2632 indicat.
955 2569 1106 2630 Attamen
1118 2569 1148 2629 si
1159 2589 1232 2631 vera
1245 2578 1319 2643 sunt,

295 2706 376 2766 quae
399 2687 553 2765 leguntur
566 2684 607 2743 *in
628 2705 714 2765 spec.
734 2705 799 2746 aux.v
815 2685 837 2749 l.
851 2707 871 2746 a
883 2683 913 2748 3.
933 2687 963 2770 §.
982 2686 1013 2750 2.
1047 2682 1128 2765 „Die
1149 2687 1234 2748 lei'eu
1251 2707 1327 2746 vor-

292 2813 364 2864 sten
385 2803 505 2864 hebbet
526 2811 605 2863 aver
626 2803 689 2880 den
712 2811 820 2863 seston
842 2805 938 2865 s‘clsilt
957 2805 992 2868 iu
1011 2805 1074 2868 den
1096 2805 1261 2868 sevenden
1281 2825 1335 2886 ge-

293 2920 503 2996 bracht,.sin
525 2938 560 2980 se
582 2920 720 2982 siord'en
742 2918 957 3006 desciscope
980 2947 1070 3004 mess,
1100 2925 1157 2986 des
1186 2943 1223 2985 er
1250 2925 1335 2984 nicht

296 3059 336 3099 en
350 3044 553 3116 wes,“·-⁴et
567 3040 652 3101 idem
671 3039 792 3120 legisset
804 3041 868 3124 jur.
883 3043 971 3104 send.
989 3061 1057 3107 sax.
1072 3029 1100 3104 a.
1116 3041 1156 3122 1.·‚
1176 3051 1241 3104 vet.
1258 3051 1338 3102 auct.

292 3145 337 3216 'aa
353 3159 425 3216 bes.
443 3177 470 3216 a·
485 3153 654 3240 1;§.3,-
669 3149 873 3240 inrepsisse
889 3145 1217 3243 tempors=p³sisetpes
1230 3162 1338 3221 ecas-

294 3259 441 3336 sia'sti'co's
458 3279 491 3334 ‘et
503 3275 996 3342 saecularesesislemusos‘esse'
1007 3277 1094 3361 clyp.
1108 3281 1193 3358 mil,
1218 3283 1258 3340 'to
1277 3261 1340 3340 θὲ-

291 3405 342 3468 ro',
365 3391 456 3472 quod
476 3391 511 3452 hi
532 3395 570 3453 ab
591 3393 659 3453 illis
689 3383 874 3479 acciperent
893 3399 1007 3472 feuda,
1038 3381 1254 3462 inferioriset
1268 3409 1341 3460 ter·

293 3511 330 3572 tii
365 3509 418 3596 (ς
441 3508 472 3570 5.
496 3519 528 3570 et
556 3507 606 3594 6.)
636 3497 771 3593 ‘quidem
792 3515 890 3596 clyp.
924 3517 1009 3578 ‘mili
1033 3517 1226 3600 ‘participes
1270 3535 1344 3578 esse

289 3632 411 3704 factos,
455 3627 613 3705 eluceret,
654 3630 720 3692 nisi
760 3631 840 3692 haec
867 3633 1043 3694 obstarent.
1104 3617 1345 3715 'Quaecunque

289 3751 378 3822 sere,
417 3753 498 3826 quae
541 3764 584 3805 ex
623 3743 762 3809 historie
803 3769 888 3832 spec.
939 3773 1006 3814 sax.
1055 3753 1227 3814 enucleare
1269 3761 1345 3812 atu-

292 3867 362 3932 det,
393 3865 491 3944 plane
521 3861 657 3925 falsaret
687 3864 827 3928 ridicula
848 3879 933 3947 sunt,
955 3869 1018 3950 (ci.
1038 3865 1088 3932 lll.
1111 3870 1204 3934 att.
1223 3875 1261 3934 'et
1285 3870 1341 3932 ΙΙΙ.

293 3997 319 4044 a.
341 3979 410 4057 44.)
432 3989 542 4061 potest
563 4001 640 4060 ergo
672 3994 705 4044 et
731 3983 791 4044 hoc
812 3987 845 4046 in
866 4006 909 4048 re
920 4009 1062 4064 errasse,
1082 3991 1180 4070 idque
1195 4011 1235 4049 eo
1253 4011 1341 4071 pro-

293 4103 404 4174 batur,
427 4097 516 4178 qsaod
537 4101 700 4180 principes
729 4104 939 4166 ecelesiastici
957 4128 1020 4188 pro
1049 4091 1168 4170 saeculi
1187 4109 1344 4188 superbia

294 4239 328 4277 se
351 4216 505 4297 dignitate
528 4207 746 4282 saecularibus
774 4224 1028 4304 praestantiores
1048 4225 1209 4290 habebant
1270 4223 1342 4287 lam
