2742 4998
829 465 903 540 114

726 563 1013 606 “““““““““““““7“’

340 689 475 750 tentiam
506 709 541 749 ru
576 687 666 752 curin
692 690 820 776 parium
859 688 1027 748 serendum
1059 687 1228 751 admittitur.
1271 693 1307 754 Hir

338 809 378 868 de
408 807 473 868 hoe
502 806 576 888 jure
606 811 696 871 omni
726 829 769 870 ex
798 816 892 888 psrts
920 805 1025 882 idem,
1052 808 1140 888 quod
1167 807 1307 870 defruitur

338 926 562 988 testimouium
582 925 713 991 serendi
733 926 986 1011 proposuimus,
1008 936 1057 987 est
1076 926 1260 988 statuendum.
1286 927 1307 988 iu

337 1045 427 1106 send.
451 1065 519 1108 sax.
540 1045 563 1108 L
584 1047 607 1112 l.
630 1043 703 1108 Vet.
724 1056 807 1114 suet.
830 1044 871 1106 de
892 1045 967 1106 ben.
987 1044 1011 1106 1.
1033 1044 1059 1105 1.
1085 1035 1161 1107 co‘d.
1177 1043 1307 1126 giulinii

339 1163 396 1224 Jus
424 1163 513 1224 send.
544 1165 637 1231 ulem.
665 1187 692 1228 o.
724 1162 754 1228 1.
785 1166 814 1246 §.
836 1161 869 1226 7.
899 1160 1036 1224 Riohrst.
1064 1160 1115 1226 Lu.
1144 1184 1169 1225 u
1194 1159 1219 1226 4.
1246 1163 1307 1222 Coun

342 1284 431 1364 clyp.
453 1285 521 1344 mil.
550 1305 672 1360 carens,
696 1284 888 1345 sententium
910 1283 948 1342 sb
973 1281 1106 1342 homine
1134 1281 1210 1363 clyp.
1227 1282 1307 1342 nitu

340 1414 417 1466 nuto
440 1404 547 1479 latum,
568 1405 750 1483 reprobare
765 1401 887 1483 nequit.
922 1395 1058 1461 trichrus.
1076 1398 1126 1464 Lr.
1145 1421 1171 1462 o.
1188 1397 1231 1462 27.
1247 1395 1307 1480 pti

341 1521 523 1583 Memorato
539 1529 645 1580 tamen
660 1519 791 1600 dignum
804 1519 937 1581 videtur
945 1518 1007 1601 jur.
1024 1519 1113 1580 fond.
1129 1513 1305 1595 nlemufliti

209 1671 211 1678 ⁴
341 1689 360 1722 ,‚
371 1641 450 1700 Wer
466 1640 552 1699 eines
567 1637 695 1700 Heiren
711 1639 907 1700 lehenmenn
923 1638 984 1715 ist,
1014 1638 1069 1698 ein
1082 1636 1236 1718 surspreuh
1246 1651 1307 1713 migr

341 1761 411 1823 wol
422 1761 490 1820 sein
498 1757 565 1818 und
573 1759 761 1840 nrteylmng
771 1779 808 1820 er
818 1756 886 1818 wul
895 1756 1042 1817 erfinden
1050 1777 1090 1816 sn
1099 1754 1264 1816 lehenrseht
1277 1695 1307 1809 Uni

343 1883 385 1940 ob
396 1900 432 1938 οι·
446 1877 643 1940 lriirselsiltes
659 1877 747 1938 nicht
758 1898 798 1936 en
810 1876 898 1937 hut.“
919 1874 992 1935 Nisi
1001 1873 1082 1936 haee
1093 1869 1304 1936 verbseorestriu

341 2019 419 2078 gere
440 1997 546 2073 velis,
566 2007 604 2056 nt
625 1993 817 2056 seutentiam
838 1993 936 2054 modo
952 2013 1063 2054 oorsm
1087 1992 1210 2053 domino
1227 1987 1304 2050 suriu-

339 2141 377 2180 re
400 2118 524 2200 possit,
543 2121 727 2196 repugnant
748 2133 847 2194 supro
865 2113 927 2179 1.1.
954 2109 1082 2172 Eodem
1095 2131 1176 2172 reru
1192 2107 1301 2180 mouqu

340 2239 373 2297 in
397 2257 482 2318 spec.
499 2235 594 2294 alem.
616 2233 721 2312 eapite
737 2231 865 2310 singula
877 2230 928 2292 bis
944 2231 1137 2307 obveniunt,
1156 2247 1227 2311 quae
1238 2217 1307 2284 sirint

341 2369 427 2415 stare
447 2353 622 2430 videntur,
643 2369 698 2411 res
720 2368 792 2410 sese
811 2350 908 2409 etium
920 2348 956 2409 in
973 2349 1050 2430 jure
1067 2347 1156 2410 fond.
1174 2348 1246 2408 alen.
1259 2337 1307 2402 unu

341 2471 520 2532 Hinosorte
530 2466 614 2532 affl.
626 2469 667 2528 ud
677 2469 892 2536 recentiorem
904 2485 999 2527 usum
1010 2466 1164 2548 respicit;
1183 2466 1307 2535 hacope

312 2637 318 2661 N
340 2593 447 2663 batur,
470 2589 558 2668 quod
580 2588 701 2666 legitur
723 2609 749 2646 a.
769 2585 821 2648 16.
834 2585 865 2668 ᾗ.
888 2583 918 2649 1.
959 2577 1307 2661 „Deruenentnyuut

341 2706 513 2768 muuohnii't
525 2704 756 2784 verspreohen‚
794 2725 838 2762 on
853 2671 910 2764 iios
927 2704 986 2763 der
1000 2703 1058 2764 des
1073 2688 1307 2764 hiirschiltesheirr

339 2827 404 2901 bet,
427 2823 530 2884 leihet
553 2842 616 2882 ern
633 2823 804 2882 uberallso
828 2821 903 2882 dem
925 2822 978 2882 ein
998 2831 1077 2904 gut,
1106 2842 1142 2882 er
1160 2821 1210 2881 het
1227 2806 1307 2872 autu

342 2943 420 3003 der·
441 2942 518 3002 den
539 2939 761 3001 hiirsohilt
783 2941 902 3000 fiiret
931 2939 1000 3000 und
1020 2939 1077 3001 hut
1098 2920 1307 3001 siilicherechtai

344 3061 485 3121 hiervor
513 3080 554 3119 an
581 3059 656 3118 'dem
678 3059 864 3119 lehenbuch
894 3037 1006 3119 stetf‘.
1031 3059 1180 3120 Attamen
1204 3042 1307 3113 discriniu

341 3179 452 3238 edesse
460 3221 472 3250 ,
496 3197 514 3236 e
536 3177 632 3236 claris
654 3177 821 3257 prioribus
843 3187 916 3242 srtt.
935 3177 1000 3260 jur.
1023 3177 1114 3241 send.
1135 3177 1219 3237 siem.
1236 3163 1307 3249 appui

469 3297 504 3373 e)
526 3295 560 3357 si
583 3305 732 3376 equestre
753 3295 889 3356 feudum
911 3297 1029 3376 accipit
1049 3296 1149 3358 homo
1180 3279 1307 3354 neuuilit

340 3415 387 3476 ris
411 3413 554 3490 ordinis,
592 3434 653 3474 neo
675 3423 846 3474 contractu
867 3415 1033 3474 immutate
1053 3423 1129 3476 sunt
1149 3392 1307 3473 servitani

342 3533 441 3607 teria,
468 3531 548 3592 haee
576 3532 634 3592 vel
662 3533 745 3592 nlius
764 3554 826 3613 pro
854 3553 894 3592 eo
918 3533 1058 3608 exhibet,
1088 3532 1145 3594 vel
1164 3533 1226 3615 ipse
1243 3515 1307 3583 uiuit

342 3651 462 3730 solvit,
493 3649 583 3730 quod
597 3649 651 3709 ¹de
679 3651 871 3712 mulieribus
896 3660 929 3714 et
955 3651 1083 3714 oleriois
1114 3663 1253 3734 expresse
1271 3643 1307 3696 ⁸³1¹*

339 3768 392 3851 jus
413 3767 503 3830 feud.
524 3766 619 3834 alem.
642 3789 668 3832 a.
688 3766 744 3832 59.

463 3887 501 3964 f)
523 3885 681 3948 Dominus
712 3887 798 3969 clyp.
834 3887 902 3950 mil.
934 3909 1069 3970 compos
1101 3881 1307 3969 nequequam*

337 4003 473 4065 seudum
508 4007 570 4066 illo
601 4007 785 4066 canentibus
821 4006 999 4084 oonoedut,
1034 4006 1107 4087 cogi
1139 4009 1254 4089 potest3
1281 3997 1307 4063 ⁵1³¹

337 4122 431 4184 ulem.
460 4145 485 4184 c.
514 4123 546 4186 7.
568 4146 600 4205 p.
633 4123 682 4187 11.
713 4124 770 4185 ius
792 4125 883 4186 seud.
908 4145 976 4186 sax.
999 4147 1025 4186 n.
1049 4125 1079 4185 2.
1111 4122 1165 4184 Jus
1187 4103 1307 4181 seudssli

336 4259 362 4302 0·
383 4237 414 4301 1·
436 4239 466 4323 §.
485 4240 525 4320 δ’,
551 4253 668 4303 eontra
705 4265 786 4306 vero
810 4243 897 4325 clyp.
920 4245 991 4306 mil.
1013 4245 1169 4307 destituto
1186 4283 1194 4316 ‚
1214 4233 1243 4295 id
1264 4225 1307 4286 fiii
