2798 4994
802 453 851 537 32

680 565 962 584 ...11.-...11111111

308 689 389 751 runt
408 695 537 772 portes,
563 705 697 768 qusrnm
718 687 823 769 primo
845 697 878 750 et
899 685 995 750 tertis
1014 685 1122 767 nigra,
1149 683 1292 746 secunda
1317 695 1348 744 et

304 816 419 890 queris
440 807 513 868 albu
534 813 593 872 est.
633 801 877 866 Eodem'modc
900 805 973 868 cod.
994 804 1103 866 dresd.
1126 813 1159 864 et
1172 803 1273 884 gueli.
1294 804 1348 864 di·

302 923 423 988 vidunt
451 923 548 1006 clyp,
574 944 637 1006 pro
660 925 754 1004 nigro
776 943 858 984 vero
882 921 1008 998 colore,
1032 922 1168 982 rubrum
1196 921 1346 1004 pingunt.

303 1043 339 1140 1η
362 1043 542 1124 septimo
566 1043 683 1124 clypeo
706 1041 815 1101 nullus
838 1037 946 1100 codex
959 1038 1083 1119 insigne
1098 1039 1221 1120 pinxit,
1238 1041 1349 1100 sulum

303 1159 412 1242 clypei
440 1159 558 1222 adsunt
585 1169 749 1220 extremae
777 1159 882 1220 linese
911 1165 943 1218 er
970 1156 1041 1238 ipss
1067 1154 1176 1237 clypei
1203 1155 1349 1220 inferior

302 1297 397 1364 pers,
422 1287 560 1360 excepto
589 1275 662 1338 cod.
700 1274 818 1354 dresd,
840 1285 887 1336 est
905 1283 1090 1356 praeruptu.

429 1396 464 1476 ²)
485 1394 541 1457 Jus
569 1411 679 1475 regem
701 1393 841 1474 eligendi
862 1395 988 1474 primo,
1016 1399 1054 1454 nt
1074 1401 1216 1472 constet,
1245 1411 1348 1474 penes

298 1516 462 1599 populum
492 1523 576 1590 eret,
605 1511 723 1574 deinde
751 1511 792 1572 sd
812 1511 975 1592 principes
1006 1512 1158 1588 delutum,
1188 1511 1348 1591 equibus

301 1645 425 1718 septem
446 1630 583 1714 denique
604 1629 656 1713 jus
680 1629 741 1690 sibi
761 1627 932 1710 proprium
952 1628 1169 1690 vindicarunt.
1211 1629 1296 1690 Cum
1317 1631 1348 1690 in

272 1729 274 1732 Ι
302 1754 462 1814 electione
483 1749 630 1812 Lotherii
650 1747 689 1810 11.
708 1741 838 1826 (1125)
865 1764 934 1806 non
954 1745 1007 1806 illi
1036 1753 1159 1828 septem
1181 1748 1346 1829 principes

301 1872 454 1952 eligentes
478 1868 551 1946 sint,
595 1869 635 1928 cf.
655 1864 775 1926 Incerti
791 1863 932 1924 auctoris
954 1862 1097 1924 narratio
1121 1865 1162 1925 de
1185 1866 1346 1926 electione

299 1987 445 2048 Lothorii
467 1988 502 2047 in
522 1987 753 2067 imperatorem
765 1967 934 2042 romonum
955 1999 1004 2042 sn.
1027 1969 1119 2044 1125]
1143 2003 1192 2065 sp.
1211 1982 1345 2044 Ekard

299 2107 335 2168 in
363 2104 576 2186 quaternione
603 2112 668 2166 ret.
695 2108 895 2161 monument.
923 2117 958 2179 p.
977 2095 1028 2162 46.
1057 2099 1223 2162 Moscov
1252 2103 1344 2183 priu-

234 2280 237 2286 ,
301 2224 362 2304 cip.
377 2223 441 2306 jur.
456 2223 547 2303 publ.
561 2219 594 2286 L.
608 2217 660 2284 111.
678 2240 705 2281 c.
725 2217 755 2281 2.
769 2217 800 2301 5.
822 2216 852 2280 5.
868 2225 900 2278 et
916 2217 992 2278 inde
1014 2215 1210 2280 nFriderico
1233 2219 1270 2294 l.,
1291 2223 1343 2283 ni-

299 2342 327 2402 si
345 2341 463 2402 subulis
493 2339 588 2402 fidem
611 2339 731 2400 hebere
759 2335 858 2414 uelis,
888 2335 995 2416 primo
1020 2337 1185 2418 principes
1219 2339 1341 2399 electo·

299 2459 386 2520 rsles
415 2463 726 2534 commemorentur,
755 2454 972 2535 (Documeut.
1002 2453 1069 2518 vid.
1098 2455 1185 2537 apud
1215 2455 1336 2518 Olen-

301 2573 623 2657 schlagerErliiut.
633 2557 1118 2654 dergiild.Bullecppend.n.9.
1129 2593 1160 2657 p.
1174 2573 1217 2636 26.
1237 2571 1326 2650 „uox

299 2694 449 2755 Austrise
459 2693 583 2774 portel
593 2701 683 2752 ecto
694 2677 977 2772 rslesprincipes
986 2691 1126 2772 primurn
1136 2691 1334 2752 obtinertlo-

275 2851 281 2862 ·
300 2814 420 2888 cum.“)
444 2810 601 2891 originem
617 2829 730 2870 eorum
746 2818 834 2870 recte
849 2807 999 2891 ponimus
1015 2810 1048 2872 in
1064 2810 1161 2871 finem
1183 2805 1338 2872 mccxll.

299 2937 332 2990 ct
353 2930 422 2991 init.
445 2949 526 2990 saec.
547 2925 630 2990 Xlll.
667 2925 932 2990 Etiamsi-fontes
961 2929 1043 3012 juris
1071 2929 1193 3010 privati
1216 2947 1344 3008 germa-

298 3047 364 3110 nici
386 3067 450 3114 sec.
468 3044 550 3107 Xlll.
574 3047 710 3129 dejure
737 3025 962 3108 electoralium
990 3048 1174 3129 principum
1200 3047 1347 3127 loquen-

296 3176 370 3239 tur,
385 3175 491 3225 tsmcn
503 3165 622 3224 eodem
637 3173 786 3244 tempore
802 3163 882 3224 Otto
897 3163 952 3225 lV.
971 3165 1012 3226 cf.
1028 3164 1266 3226 Olensclrla
1276 3185 1295 3246 g
1306 3183 1349 3226 er

296 3284 320 3345 1.
342 3285 368 3344 l.
390 3282 528 3364 append.
550 3303 583 3342 n.
604 3277 655 3346 10.
675 3301 707 3362 p.
728 3279 779 3344 28.
799 3303 831 3344 n.
854 3279 905 3344 11.
927 3303 959 3365 p.
978 3279 1031 3346 30.
1053 3293 1086 3344 et
1099 3282 1274 3344 Conrudus
1294 3284 1350 3345 tv.

296 3402 336 3467 cf.
347 3399 539 3461 Leibnitz
554 3401 589 3460 in
602 3401 673 3464 cod.
688 3400 751 3482 jur.
764 3408 849 3481 gent.
863 3398 1032 3481 diplomat.
1047 3400 1218 3483 prodrom.
1233 3419 1273 3464 n.
1299 3401 1351 3464 11.

296 3540 364 3580 non
386 3521 439 3580 ab.
454 3519 494 3579 iis
517 3519 597 3580 solis
626 3518 721 3580 electi
750 3526 835 3578 sunt.
888 3517 966 3579 Otto
989 3514 1041 3582 IV.
1064 3519 1135 3600 ipse
1163 3520 1354 3596 constituit,

293 3637 403 3697 utsint
414 3636 577 3719 principes
586 3636 777 3698 electorsles
786 3635 955 3716 etquidem
969 3655 1036 3716 sex,
1052 3638 1108 3698 Go
1117 3637 1131 3697 1
1140 3636 1162 3697 (1
1171 3645 1355 3700 sstconst.

294 3754 454 3836 imperial.
477 3753 514 3814 T.
537 3751 590 3817 111.
609 3775 640 3835 p.
661 3750 747 3828 371„
762 3762 794 3815 et
814 3754 859 3814 its
878 3754 956 3816 inde
978 3775 996 3814 s
1017 3775 1098 3816 suec.
1114 3773 1292 3816 commem.
1314 3758 1355 3816 de

294 3871 359 3932 hcc
379 3872 527 3932 instituto
549 3891 618 3932 non
650 3871 845 3953 dubitatum,
876 3873 966 3954 quod
988 3871 1082 3933 Bulla
1103 3891 1201 3933 curce
1229 3871 1358 3936 Caroli

295 3986 350 4052 lV.
378 3989 517 4050 maximo
547 3999 596 4050 est
624 3990 885 4052 corroboratum.
944 3989 1133 4052 Dubiutnm
1161 4007 1246 4052 vero
1288 3993 1358 4054 illo

293 4115 442 4187 tempore
465 4116 514 4168 est
535 4105 577 4167 de
596 4105 671 4190 jure
691 4107 776 4188 regis
790 4105 983 4188 Bolsemice,
1005 4118 1038 4170 et
1052 4127 1142 4187 enm,
1162 4109 1256 4190 qnod
1279 4131 1359 4172 non

293 4224 336 4286 sit
365 4223 555 4305 Germanus,
584 4223 733 4286 excludit
788 4231 874 4309 spec.
904 4245 973 4294 sex.
1003 4225 1059 4294 111.
1080 4247 1109 4291 s.
1137 4225 1190 4290 57.
1238 4225 1361 4292 Vetus
