2742 4998
525 477 805 547 70..

36 717 97 780 que
115 694 270 758 inferiori
288 691 373 756 illud
393 693 487 756 multi
509 691 676 756 vindicant
689 691 763 780 juez
780 695 938 764 Kliiber
960 703 1001 769 de
1015 701 1073 790 ju.

35 835 73 876 rc
92 814 194 876 nobil.
216 809 305 874 lead.
327 811 393 875 mil.
406 812 535 906 constit.
556 833 582 876 c.
603 812 635 876 2.
658 823 692 874 et
712 812 754 894 3,
778 819 818 880 ad
838 824 1003 901 sequentia
1023 835 1074 886 ta.

36 953 108 992 men
120 931 321 1014 potissimum
338 939 483 1010 spectant
494 939 651 1012 tempora.
673 931 722 994 Ex
739 945 846 997 monte
866 958 947 1000 vero
970 951 1074 1009 nostr.

35 1051 191 1127 fontium,
227 1047 282 1130 qui
309 1047 395 1108 inter
420 1047 622 1108 nobilitatem
649 1071 717 1110 non
739 1051 954 1135 distinguunt,
986 1059 1074 1120 illud

35 1169 87 1250 jus
106 1170 179 1229 luce
200 1167 317 1228 clarius
340 1165 488 1226 omnibus
510 1166 643 1226 secundi
665 1168 784 1230 civium
801 1170 924 1234 ordinis
938 1195 1073 1256 compa-

36 1289 90 1363 tit,
125 1283 299 1346 dammodo
322 1284 493 1360 observes,
527 1284 669 1344 vasallos
691 1285 866 1349 feudorum
887 1291 1074 1357 militarium

35 1423 164 1485 capaces
193 1421 270 1464 esse.
311 1398 446 1481 Egregie
472 1401 631 1480 probatur
651 1412 766 1465 nostro
789 1407 948 1470 instituto.
990 1410 1073 1474 Nam

34 1522 138 1604 quinti
159 1521 245 1602 clyp.
266 1518 331 1580 mil.
351 1517 525 1598 participes
547 1538 646 1578 veros
666 1519 786 1582 hahent
814 1525 974 1603 vasallos,
997 1531 1071 1609 qui.

33 1645 95 1702 bus
116 1647 227 1700 sextus
249 1635 372 1696 scilicet
393 1635 480 1715 clyp.
498 1635 565 1695 mil.
587 1639 752 1718 competit.
804 1639 903 1712 Quod
923 1641 1071 1710 homines

35 1756 169 1818 secundi
189 1753 313 1815 civium.
329 1751 453 1812 ordinis
473 1772 532 1813 seu
559 1753 673 1834 quinto
696 1755 785 1837 clyp.
806 1757 874 1819 mil.
901 1761 1073 1846 pollentes,

35 1878 63 1936 si
84 1895 151 1936 non
171 1871 364 1950 valuissent,
393 1870 466 1931 veri
486 1869 604 1932 vasalli
624 1882 718 1932 sexto
740 1873 776 1934 in
803 1875 889 1958 clyp.
921 1880 988 1945 mil.
1007 1903 1076 1946 non

33 1993 189 2054 adessent.
233 1988 340 2080 Quum
360 2007 443 2052 vero
467 2007 508 2048 ex
528 1988 662 2049 laudato
684 1989 804 2052 civium
834 1994 949 2055 ordine
975 2001 1075 2062 nobi.

31 2113 103 2171 litas
125 2107 265 2170 inferior
287 2106 425 2166 maxime
447 2107 489 2164 sit
510 2115 599 2180 orla,
620 2107 705 2167 illud
726 2107 777 2190 jus
798 2111 901 2171 serius
925 2115 1018 2176 etiam
1043 2121 1074 2182 ei

32 2226 257 2307 competitas,
283 2219 488 2302 perspicitur.
539 2219 575 2280 Si
602 2221 740 2302 denique
768 2227 909 2287 intexta
924 2231 1072 2314 diximus,

33 2343 137 2424 quinti
159 2343 246 2421 clyp.
263 2337 329 2402 mil.
344 2337 493 2432 honines
515 2357 585 2430 esse
599 2337 749 2416 ultimos,
771 2325 925 2422 quivere
947 2354 1073 2413 consti-

33 2471 127 2522 tuere
148 2465 285 2541 possent
304 2453 418 2534 feuda,
445 2453 508 2516 hoc
536 2457 607 2517 sere
634 2457 808 2521 voluimus.
858 2464 893 2525 Si
922 2437 1072 2531 dominu,

33 2589 128 2641 sexto
152 2576 238 2657 clyp.
252 2574 318 2638 mil.
335 2571 469 2657 gaudet,
479 2563 565 2656 ejas.
576 2576 769 2653 vasallusjn
783 2580 919 2660 septimo
942 2595 1071 2648 enatu-

33 2718 73 2762 ra
92 2693 233 2758 institati
247 2702 296 2762 est
308 2693 452 2774 positas,
472 2691 506 2752 in
524 2711 563 2754 eo
587 2713 668 2756 vcro
693 2706 799 2773 erent,
821 2699 876 2779 qai
896 2702 968 2765 veri
981 2704 1073 2773 leudi

29 2815 198 2894 incapaces
217 2783 432 2885 habeliantur,
453 2808 528 2870 hino
549 2810 697 2872 homines
720 2817 804 2874 sexti
826 2817 912 2898 clyp.
934 2821 1001 2883 mil.
1015 2823 1073 2904 ju.

28 2953 69 2992 re
90 2931 189 2990 feuda
210 2927 361 2990 militaria
383 2927 602 2988 constituendi
621 2949 691 2989 non
711 2931 900 3010 gaudebant.
