2742 4998
45 699 164 749 meras.
188 677 238 744 cf.
259 696 343 760 spec.
364 697 443 756 sax..
456 674 508 738 lll.
530 697 561 754 a.
578 673 636 752 81..
654 683 687 754 et
708 695 757 756 ex·
770 675 810 738 iis
839 675 958 758 singuli
979 679 1083 752 serius

44 797 87 860 sd
108 796 311 882 seperiorem
331 795 535 858 nobilitatem
557 791 759 874 indulgentia
778 794 863 874 regis
893 795 971 860 elati
990 807 1083 877 suots

45 914 166 996 reliqui
208 930 289 976 vero
330 911 509 976 nobilitatis
549 911 715 990 ‚inferioris
755 919 880 993 partem
922 915 1083 976 constitu.

48 1009 152 1094 erunt.
196 1029 246 1092 lta
274 1050 349 1115 ergo
380 1051 399 1110 e
419 1028 690 1110 militarigenere
710 1030 777 1092 nati
800 1038 833 1108 et
859 1030 1006 1096 homines
1029 1054 1084 1094 se-

47 1148 145 1212 cundi
167 1147 309 1226 ordinis,
330 1147 434 1210 serius
461 1144 590 1228 quidem
617 1166 716 1208 unum
741 1146 776 1210 in
798 1147 945 1210 ordinem
969 1153 1085 1220 coaluff

48 1277 151 1330 erunt.
172 1267 290 1348 *Quod
311 1275 417 1341 aulem
438 1285 456 1328 e
477 1264 687 1346 speculorum
703 1274 811 1326 mente
832 1287 900 1328 non
914 1269 1084 1332 *exstitisse

44 1385 155 1464 paucis
179 1381 419 1449 demonstrabo.
460 1379 569 1448 Primo
599 1383 800 1463 speculem.
830 1403 857 1446 c.
875 1381 948 1446 295.
968 1406 1002 1466 p.
1031 1384 1083 1448 29.

47 1512 265 1584 enarretres,
292 1521 370 1584 quas
390 1499 489 1584 bomo
513 1517 531 1558 e
551 1498 682 1582 militari
703 1519 821 1580 genere
842 1502 941 1563 uxori
963 1502 1085 1566 donum

46 1620 239 1684 matutinum
268 1613 518 1720 (Morgengabe)
541 1615 619 1699 dere
641 1617 755 1698 possit.
785 1616 833 1678 Cs.
853 1638 937 1698 spec.
961 1642 1028 1686 sax.
1059 1621 1084 1684 1.

46 1755 77 1796 a.
97 1732 149 1796 20.
172 1741 197 1814 §.
219 1732 251 1800 1.
281 1734 373 1818 Spec.
396 1735 490 1796 elem.
512 1733 631 1797 deinde
652 1744 711 1794 art.
733 1734 756 1794 l.
778 1735 823 1796 ita
844 1743 967 1818 pergit:
996 1738 1084 1818 „Die

46 1849 268 1934 Mittelireyen
288 1851 539 1938 migentgeben
564 1849 635 1912 dats
657 1849 773 1912 tzehen
795 1850 925 1916 Morkeh
948 1855 1086 1936 giltet;“¹

46 1978 212 2053 auctorem
228 1971 269 2036 de
287 1968 431 2048 diversis
445 1968 595 2050 personis
617 1967 708 2054 loqui
730 1967 765 2030 in
786 1969 895 2050 aprico
920 1982 974 2038 est.
994 1974 1086 2042 Idem

46 2098 181 2170 apparet
209 2109 253 2152 ex
275 2109 370 2172 spec.
389 2088 483 2170 elem.
514 2106 541 2146 c.
568 2081 619 2146 54.
646 2105 677 2168 p.
699 2082 769 2152 192.
799 2086 912 2162 .„Und
939 2090 1005 2152 list
1033 2093 1086 2158 ein

45 2202 247 2290 Layenffiest·
265 2205 377 2268 scinco
393 2201 603 2281 Dienstmann
617 2201 700 2282 frey,
723 2203 782 2264 der
796 2206 939 2284 geboren
953 2207 996 2268 ist
1019 2230 1085 2272 von

46 2318 259 2384 Ritterlicher
281 2321 357 2396 Art,
379 2317 438 2378 der
459 2317 599 2405 hahebat
611 2317 830 2401 Mittelsreyen
843 2320 974 2384 Rechts
1015 2327 1084 2390 Νη..

47 2451 121 2502 tura
141 2449 192 2502 est
211 2436 480 2515 manumissionis,
498 2443 540 2498 ‚ut
558 2455 595 2495 ea
614 2435 666 2517 jus
688 2438 863 2517 superioris
886 2441 1009 2504 ordinis
1031 2467 1085 2506 nc-

47 2560 204 2641 quiratur.
233 2554 359 2618 Deinde
390 2562 430 2630 ut
453 2521 523 2634 qnie
549 2553 648 2638 plena
668 2554 789 2617 liberae
809 2557 984 2619 nativitatis
1007 2582 1087 2642 per.

47 2677 146 2758 cipiet
167 2677 255 2762 jure,
274 2671 411 2754 requirit
431 2691 516 2754 spec.
540 2691 607 2751 sax.
626 2675 652 2734 I.
675 2691 705 2730 a.
722 2667 772 2732 51.
793 2675 818 2750 §.
832 2670 863 2734 3.
886 2684 918 2736 et
937 2677 988 2757 jus
1010 2701 1085 2740 mu.

46 2794 146 2876 nicip.
175 2811 241 2856 sax.
270 2811 297 2852 a.
318 2787 349 2853 4.
376 2799 414 2850 ut
439 2798 579 2872 quatuor
605 2787 745 2872 majores
766 2788 919 2873 (Ahnen)
941 2795 1085 2878 integros

47 2912 271 2972 demonstrare
292 2907 415 2991 possit,
443 2905 532 2988 quod
557 2907 695 2968 maxime
722 2905 763 2966 ad
784 2905 930 2996 homines
954 2915 1087 2978 secundi

52 3027 178 3088 ordinis
200 3026 352 3111 pertinet,
374 3025 416 3088 cf.
436 3043 522 3106 spec.
552 3042 618 3095 sen.
633 3023 658 3084 l.
679 3023 702 3084 1.
716 3020 748 3108 5.
768 3019 799 3084 4.
820 3021 872 3084 111.
889 3045 917 3089 a.
939 3025 990 3088 29.
1008 3035 1034 3110 §.
1056 3033 1087 3096 1.

53 3143 201 3207 Militania
229 3162 329 3220 vero,
349 3153 385 3223 nt
411 3142 562 3218 vidimus,
591 3149 657 3227 est²
692 3140 747 3222 qui
767 3150 892 3222 patrem
922 3153 954 3204 et
981 3168 1087 3228 avum,

49 3263 109 3326 rel
130 3261 245 3348 saltem
263 3269 389 3344 patrem
410 3260 545 3322 militem
562 3258 676 3334 habet,
704 3278 765 3320 nec
792 3280 869 3342 ergo
891 3261 932 3320 ed
953 3275 1087 3328 matrem

49 3400 111 3441 nee
130 3399 226 3440 avum
247 3388 426 3442 maternam
445 3377 627 3462 respicitur.
663 3373 754 3448 Quae
775 3378 908 3442 comita
929 3379 1002 3458 sint,
1023 3381 1088 3442 ho.

49 3497 153 3562 mines
176 3517 195 3558 e
216 3515 336 3580 genere
355 3495 501 3572 militari,
529 3495 593 3560 nisi
618 3493 654 3558 in
676 3495 852 3558 secundnm
881 3496 1001 3558 civium
1029 3521 1086 3562 or-

53 3613 162 3677 dinem
181 3613 434 3694 adscendebant,
453 3614 590 3696 quinti
611 3611 717 3698 clyp.
737 3613 812 3676 mit
834 3633 1087 3698 nequaquem

51 3730 295 3815 participes·
309 3752 402 3818 esse
422 3739 679 3814 poterent.-
699 3729 817 3792 Milites
840 3752 910 3794 non
930 3751 948 3792 e
969 3753 1087 3814 genere

52 3847 188 3910 militari
216 3861 307 3912 ortos
334 3871 395 3912 nec
419 3849 522 3910 serius
551 3848 699 3910 omnibus
726 3849 874 3910 militaris
904 3850 1028 3914 ordinis
1057 3861 1090 3914 et

51 3966 181 4048 juribus
206 3975 240 4028 et
264 3967 442 4058 prinilegiis
470 3967 706 4050 gavisos-esse,
735 3985 820 4048 spec.
841 3965 934 4028 alem.
962 3987 990 4028 c.
1014 3965 1087 4030 295.

49 4108 86 4170 p.
104 4082 157 4150 29.
176 4084 350 4168 probatur,
381 4085 458 4148 dum
479 4085 510 4148 ei
530 4104 598 4148 non
619 4083 654 4146 id
675 4081 797 4146 donum
817 4082 1014 4153 matutinum*
1027 4085 1087 4146 ‹ln-
1110 4122 1111 4126 =

51 4203 213 4266 relicere
235 4201 332 4280 dicit,
356 4201 447 4286 qaod
467 4199 614 4266 militaris
639 4199 788 4284 porrigit,
809 4201 850 4264 ci.
872 4201 954 4283 glos.
974 4203 1015 4268 sd
1035 4203 1088 4290 jus
