2798 4994
552 1437 557 1444 ·
797 1383 885 1466 .v.

479 1525 550 1601 uu
583 1523 730 1600 carr.
762 1389 868 1600 tim.
910 1521 1165 1631 sacuuno.

458 1763 674 1840 Secundum
699 1767 796 1867 clyp.
814 1763 892 1838 mil.
911 1763 1094 1868 principes
1120 1761 1338 1838 ecclesiasti-

306 1906 340 2014 ci
360 1902 409 2002 ¹),
440 1901 624 2002 episcopi,
667 1875 899 1975 abbates“'et'
923 1879 1121 1975 abbatissae
1152 1921 1281 1976 tenent
1299 1901 1336 1997 ²).

305 2038 371 2113 Est
396 2035 550 2138 quidem
575 2036 721 2134 regula.
742 2035 894 2111 clericos
921 2061 965 2112 eo
1000 2019 1140 2135 carere,
1175 2037 1333 2137 exceptio

304 2200 410 2264 vero,
435 2198 545 2270 quam
571 2173 610 2246 in
637 2170 835 2272 episeopis,
868 2170 1062 2247 abbatibus
1090 2190 1126 2248 et
1149 2171 1327 2250 abbatissis

305 2309 504 2402 habemus,
531 2335 595 2402 e0‚
622 2304 727 2407 quod
754 2305 943 2407 duplicem
957 2327 1332 2408 repraesentantper-

305 2471 453 2538 sonam,
488 2465 542 2519 est
575 2440 797 2544 explicanda.
865 2441 925 2520 De
969 2465 1096 2518 eornm
1128 2435 1269 2539 juribus
1300 2461 1331 2517 et

304 2581 432 2653 officiis
458 2579 498 2652 in
526 2579 688 2672 ecclesia,
714 2584 786 2672 jam
810 2601 935 2652 meum
961 2603 1038 2650 uon
1066 2600 1119 2653 est
1144 2579 1248 2652 rerba
1272 2579 1328 2649 sa-

304 2741 406 2807 ccte,
433 2740 549 2814 pauca
562 2735 685 2786 antem
705 2709 753 2787 de
774 2713 818 2785 iis
835 2711 1064 2814 principibus
1091 2710 1331 2788 ecclesiasticis

304 2871 339 2924 a
355 2849 503 2949 imperit
520 2849 662 2924 vastus
688 2846 819 2920 ticam.
878 2823 959 2921 Jam'
984 2849 1334 2948 1113101111-

302 3013 385 3059 rum
412 2986 569 3062 maxime
587 2983 761 3084 episcopi,
786 2980 891 3084 quod
918 3006 1047 3058 notum
1075 3007 1145 3080 est,
1170 2987 1336 3060 saecula·

301 3121 354 3192 rin
372 3141 558 3215 curarunt,
583 3141 619 3194 et
633 3121 775 3219 saepius
787 3098 945 3219 ‘quidem
960 3119 1021 3213 ita,
1047 3143 1089 3196 111
1099 3121 1285 3196 clericalia
1305 3143 1335 3196 et

301 3257 502 3356 spiritualia
542 3256 778 3353 negligerent.
845 3253 975 3329 Nexus
1016 3256 1191 3351 feudalis,
1224 3286 1335 3360 quem

300 3393 467 3491 sequenti
507 3413 673 3491 tempore
715 3418 809 3491 papa
843 3391 990 3491 penitus
1024 3389 1150 3468 delere
1183 3392 1335 3489 studuit,

301 3549 409 3630 pacto
437 3526 630 3620 calixtino‚
668 3549 711 3600 ut
735 3527 830 3601 iuter
858 3553 983 3601 omues
1019 3550 1175 3624 constat,
1209 3529 1335 3630 quoad

300 3663 436 3761 regalia
461 3663 613 3737 minime
640 3684 693 3736 est
718 3664 879 3737 solutus:
915 3663 1039 3739 clectis
1066 3665 1164 3738 enim
1188 3693 1252 3740 rex
1270 3694 1336 3768 per

295 3821 479 3899 sceptrum
500 3797 610 3873 feuda
631 3825 697 3872 seu
723 3799 854 3898 regalia
875 3800 1116 3876 constituebat
1134 3803 1180 3901 3).
1207 3801 1339 3890 Quum

298 3963 343 4011 co
369 3935 494 4009 vasalli
519 3936 651 4008 fierent
677 3935 788 4031 regis,
815 3937 913 4038 clyp.
938 3937 1028 4032 mil,
1062 3935 1245 4038 simulque
1272 3944 1339 4040 lu‘.

296 4070 344 4144 ris
369 4068 527 4145 feudalis
552 4069 746 4171 participes
771 4072 855 4146 faeti
880 4095 977 4146 sunt.
1028 4073 1151 4160 Quam
1177 4075 1227 4148 ob
1254 4100 1335 4146 rem

294 4207 544 4284 investituram
571 4210 678 4301 nacti,
703 4207 855 4282 vasallos
869 4208 940 4282 sibi
956 4205 1186 4286 consituendi
1210 4209 1338 4284 facul-
