2798 4994
564 442 606 516 31

72 673 158 732 dices
179 669 318 752 clypeos
349 663 510 744 oblongos
539 674 633 726 acute
654 662 762 728 infima
790 673 882 744 perte
910 661 1020 728 finitos
1040 657 1111 732 sine

70 789 156 850 ouini
181 795 380 847 ornamento.
425 781 460 842 ln
483 785 617 865 primo
641 783 759 862 clypeo
784 791 833 842 est
853 783 947 864 niger
975 789 1110 870 uniceps

66 907 173 986 aquila
202 904 271 964 sine
301 923 423 962 corono
451 902 486 962 in
512 921 626 982 cumpo
655 920 766 960 aureo.
818 899 972 976 Colorem
1007 913 1111 990 compi

66 1024 171 1084 solum
194 1019 300 1082 codex
321 1018 450 1099 guelph.
472 1026 509 1078 ut
528 1019 562 1110 in
576 1018 691 1080 ceteris
719 1019 806 1100 clyp.
828 1021 966 1100 omittit3
986 1025 1015 1084 is
1038 1051 1111 1090 oum

70 1139 188 1216 dresd,
209 1137 273 1206 hoc
296 1137 375 1196 vitio
400 1145 547 1216 excepto,
569 1134 604 1204 in
623 1135 795 1217 pingendis
817 1139 941 1220 clypeis
951 1143 1108 1210 'omnibus

69 1256 226 1338 congruit.
278 1253 313 1314 ln
336 1253 521 1322 secundo
553 1233 669 1334 clypeo
700 1253 870 1335 episcopus
901 1262 1108 1344 conspicitur,
1153 1315 1155 1318 .

65 1378 158 1438 mitra
180 1383 332 1449 ornatus,
352 1372 407 1454 qui
428 1371 545 1434 dextra
569 1392 664 1434 manu
680 1371 817 1454 librum,
840 1374 969 1440 sinistre
987 1383 1110 1461 pedum

66 1503 165 1556 tenet.
214 1491 252 1554 In
272 1491 385 1554 habitu
408 1486 519 1555 'restis
543 1490 672 1552 varient
693 1490 832 1552 codices.
874 1492 911 1556 ln
939 1499 1012 1560 cod.
1033 1501 1108 1562 hei.

65 1617 151 1678 delb.
172 1611 289 1674 mitrae
310 1618 430 1671 sertum
450 1629 647 1670 coronarum
669 1609 856 1690 impositum
879 1634 951 1676 esse
965 1618 1107 1682 videtur.

66 1732 183 1811 Kopp
205 1727 319 1788 Bilder
340 1727 378 1787 T.
399 1727 422 1788 Ι.
450 1748 483 1808 p.
511 1723 562 1790 63.
590 1724 785 1808 Episcopum
809 1725 944 1814 insuper
963 1734 1027 1796 hoc
1049 1760 1109 1798 eo.

67 1850 138 1910 dice
166 1845 270 1928 pullio
302 1854 452 1906 crustum
477 1845 593 1907 hsbeo.
656 1847 695 1906 In
723 1847 856 1908 tertio
897 1851 1016 1932 clypeo
1047 1857 1107 1916 ed.

65 1976 113 2026 est
133 1965 226 2046 niger
252 1963 308 2024 leo
338 1973 466 2026 erectus
493 1961 675 2044 (Micelae)
702 1961 737 2022 in
766 1984 878 2046 campo
909 1989 1020 2034 aureo.
1071 1977 1107 2042 1η

64 2092 211 2165 quarte
234 2082 354 2164 clypeo
378 2091 506 2143 exstant
528 2079 704 2142 secuudum
727 2083 800 2144 cod.
829 2083 972 2149 heidelb.
998 2101 1028 2152 et
1052 2095 1109 2154 ol.

62 2203 158 2262 denb.
181 2201 248 2260 duo
270 2204 376 2278 pisces
398 2197 465 2258 albi
485 2198 629 2258 intorsus
650 2200 792 2274 curvati,
813 2201 847 2262 in
863 2224 973 2287 campo
993 2212 1107 2274 rubro.

65 2319 96 2378 K
105 2337 185 2396 opp
207 2317 230 2376 1·
252 2314 276 2376 1·
297 2335 331 2394 Ρ,
350 2311 401 2379 63,
435 2313 560 2397 insigne
572 2313 674 2395 gentis
689 2317 1005 2398 werningerodensis
1020 2327 1107 2390 hunc
1204 2401 1206 2406 ,

64 2435 216 2514 clypeum
236 2433 353 2510 hebet3
376 2443 516 2506 attamen
535 2431 600 2494 lroc
623 2431 698 2492 elbo
721 2432 756 2492 in
776 2455 888 2516 cumpo
911 2442 1018 2502 rubris
1036 2447 1106 2529 pis.

62 2553 152 2614 cibus
176 2561 325 2612 ornatum
355 2559 413 2616 est.
461 2548 588 2632 Insigne
615 2569 698 2622 vero
719 2551 754 2612 in
774 2552 926 2618 salinensi
948 2558 1013 2621 duo
1042 2565 1107 2628 albi

58 2673 165 2752 pisces
184 2673 219 2732 in
238 2671 341 2732 rubro
364 2669 590 2752 compuleras
609 2670 747 2732 curvati.
797 2671 874 2734 Cod.
896 2673 1003 2740 dresd.
1026 2680 1106 2744 dues

61 2791 170 2871 nigras
185 2787 631 2850 trebesinsormscrucisst.
648 2787 798 2850 Andreae
827 2793 929 2852 rubro
959 2799 1106 2878 margine

60 2909 97 2970 in
122 2927 253 2989 cumpo,
279 2916 317 2968 ut
349 2905 499 2980 videtur,
521 2905 711 2968 damasceno
746 2909 862 2990 pinxit.
904 2911 1106 2992 Inquinto

63 3026 184 3105 clypeo
200 3024 272 3084 cod.
291 3023 433 3088 heidelb.
447 3033 516 3084 tres
529 3024 767 3106 rubresxtrebes
783 3026 914 3098 libratus
934 3028 969 3088 in
993 3051 1106 3115 compo

62 3162 183 3218 aureo,
206 3140 280 3202 cod.
304 3142 436 3210 oldenb.
453 3161 566 3212 ursum
581 3142 709 3222 nigrum
725 3141 877 3206 libratum
894 3144 935 3206 ed
957 3147 1105 3216 dextram

56 3269 246 3322 currentem
266 3259 302 3322 in
322 3280 433 3341 campo
456 3281 556 3324 nureo
584 3259 691 3322 hebet.
733 3261 869 3326 Codices
891 3284 972 3328 vero
996 3269 1106 3334 dresd.

57 3388 92 3440 et
119 3378 218 3460 guelf.
245 3378 281 3440 in
303 3379 473 3466 superiore
493 3378 604 3460 clypei
629 3388 723 3462 purte
751 3380 878 3460 nigrum
906 3399 1105 3452 crescentem

57 3506 91 3556 et
107 3496 149 3558 ud
163 3496 312 3560 dextram
337 3495 502 3566 videntem
522 3498 653 3560 leonem
676 3499 710 3562 in
732 3518 844 3579 compo
859 3520 976 3580 surse,
1008 3515 1040 3566 et
1068 3508 1103 3570 iu

58 3615 170 3694 clypei
190 3616 353 3680 interiore.
369 3625 463 3704 purte
486 3616 573 3694 dues,
593 3626 631 3676 ut
651 3615 792 3692 videtur,
815 3619 923 3682 trabes
952 3643 1064 3686 eureus
1086 3647 1106 3688 e

58 3729 178 3792 dextre
196 3733 231 3794 in
250 3705 413 3796 sinistralis
435 3753 562 3796 menum
588 3705 820 3798 descendentes
841 3738 876 3801 in
905 3759 1017 3823 campo
1041 3765 1101 3806 uu-

53 3867 116 3910 reo
138 3819 341 3930 properent.
385 3851 557 3916 Sextum
586 3852 672 3932 clyp.
692 3855 766 3917 cod.
786 3855 873 3916 heid.
896 3857 931 3917 in
962 3871 1102 3939 quotuor

50 3975 165 4048 perles
194 3968 327 4034 libratas
355 3972 492 4051 dividit,
525 3981 660 4056 querum
687 3973 793 4056 prime
814 3983 846 4035 et
868 3977 964 4039 tertio
986 3989 1035 4038 est
1048 3982 1100 4041 al·

41 4085 114 4160 1bu,
137 4089 279 4150 secunde
299 4109 381 4155 vero
405 4102 438 4154 et
457 4101 571 4172 quarta
599 4101 771 4172 squamata,
800 4101 837 4154 ut
856 4092 966 4154 videri
985 4099 1098 4176 possit,

54 4201 272 4272 siuecolore.
314 4206 398 4276 cod.
423 4211 491 4274 old.
519 4209 614 4272 etiem
635 4209 786 4293 clypeum
814 4210 1010 4294 inquetuor
1042 4216 1096 4278 di·
