2742 4998
805 465 854 532 tut

311 707 396 750 wera
418 685 481 748 lsoc
502 682 600 767 loco)
621 683 690 766 ipsa
710 685 864 766 acquisita
884 705 971 748 nova
997 685 1192 768 impetretur
1216 687 1355 747 investi·

308 816 391 882 tura,
412 805 510 866 telem
524 802 749 864 investituram
764 803 935 884 accipienti
949 813 1063 866 statum
1078 805 1197 866 vasalli
1221 815 1263 865 et
1277 807 1355 885 clyp.

308 925 377 988 mit
398 921 642 1002 acquisitionem
664 919 773 1001 negari
799 941 914 1000 posse,
935 943 1002 982 non
1023 922 1166 984 videtur.
1196 923 1254 984 ct.
1280 945 1355 1003 spec.

310 1038 449 1106 sanlll.
472 1061 498 1104 a.
524 1037 577 1104 75.
599 1039 625 1119 §.
645 1037 677 1100 2.
701 1035 795 1112 „Len
816 1039 862 1120 by
883 1041 947 1100 ires
977 1061 1105 1101 marines
1136 1041 1233 1102 licre
1259 1042 1288 1100 is
1318 1041 1355 1100 ire

310 1159 466 1240 gadinge;
496 1177 536 1220 na
555 1156 620 1218 ires
642 1175 773 1216 mannes
797 1155 884 1218 dode
910 1157 986 1218 isit
1019 1161 1162 1220 rechte
1193 1161 1354 1220 len.“-

311 1277 509 1358 Quamquam
530 1274 564 1336 in
585 1274 699 1354 regula
720 1273 806 1354 clyp.
829 1274 896 1336 mil.
919 1275 1049 1336 eaedem
1070 1297 1244 1358 personae
1269 1278 1353 1338 feuda

308 1393 537 1456 constituendo
561 1401 594 1452 et
614 1391 810 1471 acquirendo
829 1391 964 1474 adipisci
987 1395 1120 1475 possint,
1159 1417 1229 1455 rex
1257 1406 1350 1456 tamen

309 1509 641 1572 tantummodoseuda
657 1509 864 1587 constituere,
887 1531 945 1572 nec
961 1514 999 1573 ab
1015 1513 1086 1572 aliis
1103 1515 1288 1593 acquirere
1303 1535 1349 1598 po-

308 1639 381 1706 test.
424 1627 469 1711 (Α
492 1649 553 1708 qua
574 1648 687 1688 norma
709 1629 856 1708 sequenti
883 1638 1030 1710 ternpore
1052 1632 1275 1714 exceptiones
1305 1655 1349 1693 ex-

310 1747 446 1823 stitisse,
468 1749 549 1806 bene
572 1745 701 1826 quidem
717 1747 856 1832 seimus).
901 1745 951 1806 Ex
971 1750 1010 1809 iis
1027 1769 1119 1824 vero,
1141 1771 1234 1829 quae
1251 1729 1355 1834 hacto-i

309 1887 369 1930 nus
392 1866 432 1927 de
455 1863 553 1926 modo
577 1865 662 1944 clyp.
683 1862 751 1924 mil.
775 1867 962 1945 acquirendi
983 1867 1133 1942 diximus,
1161 1891 1280 1952 regem
1301 1895 1346 1932 occ

312 1987 471 2046 electione
490 2003 549 2042 nec
571 1981 785 2040 coronatione
802 2003 862 2044 nec
884 1986 1037 2046 unctione
1059 1989 1144 2067 clyp.
1167 1990 1245 2050 mil.
1259 1992 1342 2070 parti-

311 2105 414 2183 cipem
430 2101 546 2160 sactum
564 2118 642 2173 esse,
663 2099 721 2158 sed
736 2104 841 2182 potius
857 2123 909 2173 co,
930 2105 1018 2182 quod
1039 2106 1335 2186 principibusscep·

310 2231 363 2282 tro
393 2230 425 2280 et
451 2217 578 2278 vexillo
607 2217 705 2276 feuda
732 2219 837 2294 dedit,
869 2241 926 2280 seu
961 2224 1180 2282 renovatione
1218 2225 1338 2306 agnouit,

309 2343 389 2404 ssuit.
441 2335 496 2398 lus
518 2334 607 2396 seud.
634 2336 726 2397 alem.
747 2359 773 2398 c.
795 2335 866 2400 146.
890 2342 916 2420 §.
938 2339 968 2400 2.
989 2341 1055 2400 rid.
1081 2351 1190 2403 tomen
1225 2342 1345 2404 Prsuu

309 2482 342 2522 v.
364 2459 394 2522 d.
414 2455 527 2516 Heers.
550 2454 572 2514 1.
591 2453 613 2512 l.
641 2475 673 2534 p.
696 2451 769 2516 811.
792 2455 886 2532 „Der
918 2459 1046 2538 Kayser·
1074 2461 1161 2520 wir-d
1190 2483 1259 2522 von
1291 2464 1350 2523 deu

310 2575 525 2638 Chursiirsten
537 2574 594 2630 mit
612 2571 684 2631 dem
697 2593 816 2651 gaunon
830 2571 927 2635 Reich
945 2577 1116 2656 gleichsam
1127 2579 1351 2648 inrestir·t‚“-

309 2695 447 2774 Propter
474 2689 637 2770 principes
671 2691 904 2752 ecclesiasticos
934 2693 999 2759 vid.
1027 2717 1111 2776 spec.
1145 2717 1214 2758 sax.
1244 2700 1302 2765 lll.
1331 2725 1349 2762 ι.

309 2810 372 2888 59.,
394 2810 436 2870 cl.
456 2807 494 2890 5.,
510 2805 541 2870 5.

434 2923 466 3008 ²)
495 2925 561 2998 Qui
589 2925 624 2986 in
651 2929 861 3008 possessione
889 2932 975 3014 clyp.
1006 2931 1072 2996 mil.
1111 2945 1204 3013 sunt,
1245 2939 1298 3002 ita
1323 2945 1351 3004 ab

310 3044 547 3127 adspirantibus
593 3045 634 3104 ad
673 3066 761 3125 eum,
803 3061 839 3111 ut
883 3052 926 3127 ii,
963 3054 1016 3134 qui
1052 3055 1150 3114 feuda
1181 3058 1352 3123 habenta

308 3165 482 3226 feudorum
505 3161 671 3240 capacibus
692 3175 768 3226 sunt
797 3167 1024 3250 distinguendi.
1064 3171 1119 3233 Jus
1142 3175 1236 3237 send.
1266 3184 1351 3242 alem.

310 3305 338 3344 a.
360 3280 389 3343 3.
410 3281 440 3363 5.
465 3279 494 3342 1.
538 3277 594 3340 Jus
616 3281 705 3343 seud.
727 3303 795 3349 sax.
818 3283 850 3347 ο.
867 3285 898 3348 2.
922 3299 953 3348 et
976 3309 1001 3348 o.
1024 3287 1094 3352 149.
1122 3293 1271 3359 Distinc.
1293 3321 1352 3361 sax.

307 3402 330 3460 l.
354 3422 379 3462 o.
395 3398 424 3459 5.
443 3398 473 3458 d.
489 3393 520 3458 4.
541 3397 722 3479 loquuntur
744 3423 820 3483 ergo
842 3406 916 3488 jure
939 3407 1118 3489 meritoque
1135 3413 1174 3470 de
1197 3413 1265 3492 iis,
1291 3422 1353 3496 „die

307 3539 379 3578 zum
400 3516 583 3576 heerschild
600 3521 742 3598 geboren
764 3522 869 3584 siud.“
909 3525 959 3585 Au
981 3526 1066 3607 clyp.
1087 3530 1154 3588 mil.
1178 3551 1273 3594 vero
1300 3539 1353 3598 nati

311 3654 422 3724 omnes
446 3643 538 3711 sunt,
568 3636 622 3714 qui
650 3657 731 3698 vero
761 3641 861 3701 feudo
893 3647 1045 3725 acquisito
1077 3648 1110 3706 in
1133 3649 1287 3730 aliquem
1313 3679 1353 3716 re

306 3754 457 3814 seruntur
478 3753 563 3833 clyp.
584 3755 652 3815 mil.
693 3756 916 3836 Reqnisuntur
939 3783 1033 3844 crgo,
1057 3776 1091 3826 ut
1113 3767 1185 3846 quis
1206 3771 1248 3829 in
1276 3775 1351 3856 clyp

306 3872 372 3932 mil.
394 3871 585 3951 recipiatur,
607 3873 690 3934 duo:
718 3877 761 3936 sit
780 3878 821 3939 ad
843 3880 930 3961 clyp.
958 3885 1025 3943 mil.
1048 3893 1139 3945 rictus
1171 3899 1205 3948 et
1230 3897 1353 3953 consti

306 3998 376 4050 tuat
404 3990 462 4050 vel
493 3990 628 4071 accipiat
659 3994 804 4056 seudum.
857 3997 970 4060 'salem
991 4003 1065 4083 jure
1092 4005 1202 4065 sontes
1232 4014 1353 4086 „volt

306 4105 458 4168 kcmmcn
494 4129 544 4168 om
572 4109 792 4172 llecrselsild“
828 4119 1010 4198 appellunt,
1037 4121 1090 4202 jus
1113 4123 1201 4188 fcud.
1236 4147 1353 4192 sama

304 4222 336 4284 2.
356 4253 400 4270 -··
421 4222 534 4287 Exstat
563 4230 684 4308 regula.
721 4231 815 4309 „Der
843 4235 1010 4298 henschild
1038 4241 1150 4302 kumct
1179 4261 1256 4306 ron
1290 4250 1353 4308 dou
