2798 4994
535 462 593 532 57

419 561 701 574 nuo-nm-

32 697 118 742 varo
140 677 372 762 impedimento
396 685 507 754 nostra
528 675 640 757 opinio
664 696 731 738 non
752 675 951 758 infringitur.
992 678 1080 744 Fou-

33 805 84 858 tes
107 795 195 862 eninr
223 818 286 860 nee
304 797 338 858 in
359 793 508 882 aequanti
528 795 614 880 clyp.
635 793 703 856 mil.
724 795 859 861 comites
882 813 1081 892 enumerent,¹

35 935 115 994 ergo
138 935 208 978 non
230 915 367 978 obstant.
411 914 519 986 Quum
539 931 621 972 vero
645 911 743 979 tertio
768 913 855 999 alyp-
875 915 943 981 mil.
962 918 1079 980 fruunn

34 1041 106 1108 tur,
129 1031 185 1116 qui
206 1053 339 1096 munera
360 1031 533 1116 prinoipali
551 1030 698 1112 pollent,
720 1050 779 1096 neo
798 1031 906 1098 fontei
923 1036 1084 1116 speciales

33 1149 220 1234 principum
239 1159 429 1232 proponant
457 1148 627 1212 tiluloset
647 1147 832 1232 dignitates,
860 1150 933 1216 miri
955 1153 1081 1236 aliquid

35 1287 150 1330 eorum
165 1267 297 1330 silentio
320 1290 387 1330 nou
401 1268 496 1336 inest.
517 1265 599 1326 Hinc
620 1276 731 1328 nostru
746 1269 891 1354 quaestio
915 1289 954 1330 eo
970 1271 1080 1332 solum

30 1394 144 1464 potest
166 1384 291 1464 deoidi,
320 1406 403 1470 quo,
431 1383 571 1464 oomitos¹
594 1403 727 1445 munere
747 1385 921 1466 principali
949 1389 1080 1466 gavisos

32 1520 121 1581 esse,
142 1505 315 1584 probetur.
372 1503 513 1567 Comites
534 1500 639 1584 priori
666 1521 767 1579 aevo,
801 1523 864 1584 quo
889 1504 1080 1568 Germaniae

34 1617 154 1680 divisio
182 1621 219 1682 in
247 1643 345 1705 pagos
381 1621 534 1696 florebat,
574 1618 764 1700 principalis
801 1619 960 1702 dignitatis
998 1625 1086 1687 socii

29 1735 143 1816 fuisse,
185 1749 238 1800 tot
261 1738 461 1802 documentis
484 1738 742 1812 demonstretur,
771 1745 806 1800 ut
835 1737 961 1817 singula
989 1761 1072 1820 pro·

35 1853 157 1916 ducere
185 1858 281 1920 froila
309 1855 556 1940 supersedeam,
582 1873 643 1914 neo
671 1851 830 1930 dubitem,
860 1855 937 1936 quin
967 1877 1083 1920 omnes

31 1975 105 2054 pagi
134 1977 269 2042 oomites
297 1974 461 2056 prinsipes
487 1981 602 2036 nostro
631 1990 729 2030 sensu
756 1974 950 2037 exstiterint.
987 1975 1084 2054 Pagis.

31 2115 116 2154 vero
140 2093 268 2170 deletis,
288 2093 384 2152 titulo
408 2091 561 2155 uomitum
575 2087 773 2150 hereditario
797 2091 895 2168 freto,
916 2093 1009 2152 multi
1025 2114 1086 2154 snq

31 2232 74 2271 ne
98 2211 170 2272 aliis
199 2208 422 2291 principibus,
447 2206 505 2266 rel
526 2204 749 2268 ecelesiasticis
772 2210 828 2268 vol
848 2209 1015 2270 laicalibus
1035 2209 1087 2272 ita

35 2337 113 2388 sunt
135 2324 289 2408 subjecti,
311 2332 349 2384 ut
370 2321 555 2384 comitatum
577 2325 615 2394 ab
637 2323 702 2402 his,
725 2347 792 2388 non
815 2346 833 2385 a
854 2345 928 2406 rege
950 2327 1084 2406 recipe..

34 2454 121 2509 rent.
152 2446 243 2528 Spes.
271 2437 397 2502 sax.·ll.
414 2460 441 2498 a.
465 2436 569 2526 1715·
590 2440 620 2510 6.
658 2441 714 2506 lus
734 2443 824 2515 saud.
848 2442 940 2502 elem.
961 2464 988 2506 c.
1009 2441 1083 2506 136.

32 2560 67 2643 §.
91 2558 118 2623 1.
156 2559 250 2646 Spes.
274 2577 345 2620 sax.
367 2554 420 2620 ΙΙΙ.
443 2577 470 2622 a.
491 2555 544 2622 58.
564 2559 594 2650 §.
623 2559 655 2622 2.
690 2559 747 2622 lus
774 2559 905 2622 feuslale
934 2560 1028 2620 elem.
1055 2581 1083 2622 os

33 2675 109 2740 143.
131 2677 161 2764 §.
175 2677 205 2742 7.
252 2675 372 2756 „Unde
394 2673 506 2758 loylret
527 2696 560 2736 es
582 2676 660 2760 (das
680 2673 906 2756 Fiirstenrmt)
928 2676 987 2738 der
1009 2676 1085 2742 Kus

31 2797 90 2878 nig
112 2816 229 2877 cynara
250 2795 318 2856 und
340 2793 453 2876 leyhet
475 2813 508 2854 es
532 2794 592 2858 der
612 2795 722 2859 ffirbas
745 2795 849 2858 einern
866 2793 999 2870 andern,
1022 2795 1089 2858 der

31 2934 106 2994 mag
129 2915 176 2976 nit
196 2915 301 2976 fiirste
325 2912 436 2974 daron
454 2913 634 2994 gebeysen3
656 2913 729 2974 dass
744 2912 788 2974 ist
809 2911 933 2986 daron,
955 2910 1033 2970 desa
1046 2931 1090 2976 er

35 3030 98 3092 der
118 3031 276 3096 vos-clarat
296 3051 335 3092 rn
359 3031 434 3098 dem
455 3030 557 3112 reyob
578 3029 669 3096 uiobt
685 3029 725 3092 ist
748 3025 780 3112 ς.
801 3025 830 3091 8.
872 3029 917 3090 lst
938 3049 972 3092 es
993 3029 1089 3094 eines.

36 3148 163 3210 andern
185 3149 284 3230 leyen
304 3153 420 3232 (quam
442 3149 550 3234 regis)
572 3169 683 3224 menn,
712 3167 748 3208 so
772 3166 843 3229 mog
872 3166 908 3208 er
929 3147 981 3208 nit
997 3146 1089 3213 fitne

35 3265 181 3346 gesein.“
222 3263 434 3348 Montagl.
456 3270 479 3332 1.
502 3266 535 3345 Ρ.
560 3263 594 3328 ll.
617 3287 650 3350 p.
672 3261 725 3329 49.
778 3264 885 3340 Quum
912 3285 1087 3329 verane-

36 3405 111 3462 mo‚
132 3383 196 3446 nisi
214 3385 256 3448 ab
276 3384 349 3466 ipso
371 3405 449 3468 rege
469 3385 607 3470 acquirit
635 3405 750 3448 munus
773 3382 976 3468 principale„
989 3383 1089 3472 Brin-

37 3503 196 3583 sepult,
224 3502 260 3564 lsi
282 3503 377 3576 etiem
400 3503 533 3568 comites
561 3502 724 3584 principes
757 3523 822 3566 non
852 3500 1093 3568 existimabas-a

36 3628 104 3694 tur,
124 3621 316 3698 nasturtio,
338 3619 396 3682 sed
416 3629 530 3706 quarto
554 3620 643 3702 olyp.
658 3623 725 3684 mii.
748 3619 939 3702 gaudebant.
982 3618 1089 3686 causo

38 3735 139 3818 hujus
159 3737 209 3798 rei
229 3758 269 3802 eo
293 3755 424 3822 quoque
443 3746 553 3822 potest
574 3739 751 3815 illustrari,
773 3738 863 3820 quod
886 3737 1018 3802 cerritis.
1042 3735 1088 3794 n-

39 3853 148 3914 tulum
183 3849 248 3938 jsam
277 3867 310 3918 et
346 3857 449 3922 infimi
476 3857 607 3939 judiees
638 3867 855 3938 usurparunt,
899 3874 985 3938 span
1020 3870 1094 3917 ⁸⁸¹·-

40 3975 53 4034 1
77 3993 104 4034 e.
119 3971 170 4034 55.
181 3983 213 4034 et
223 3971 277 4038 57.
302 3977 496 4058 „Gogreve“
508 3971 628 4050 laudat,
649 3995 745 4056 quem
759 3976 843 4036 mela
857 3965 1090 4054 comitempegi

37 4091 244 4176 interpretati
259 4101 342 4158 sunt.
376 4090 528 4156 Ceterum
542 4089 618 4154 inde
635 4095 674 4154 ab
689 4087 753 4156 boo
773 4101 923 4175 ternpore
936 4087 1091 4157 nonnulli

42 4210 170 4272 comitis
193 4211 338 4286 titulum,
358 4206 499 4274 familiae
519 4201 704 4294 proprium.
725 4212 793 4275 sine
815 4210 973 4274 comuste
995 4227 1092 4290 gere·
