2798 4994
569 425 618 496 55

452 526 735 542 *m

61 666 86 704 a
106 663 194 706 nexu
223 643 349 706 feudali
381 643 555 708 immunes.
604 643 653 704 De
687 643 843 726 dynastiis
867 653 1009 710 ceterum
1029 648 1106 711 ‘vid

58 763 225 824 Weisse
246 763 268 824 1.
289 763 311 824 1.
333 761 388 844 qui
407 762 577 845 praeclare
595 759 635 823 de
656 761 695 824 iis
717 764 855 847 scripsit.

192 880 312 942 Omnes
333 899 414 940 vero
439 881 583 962 ejusdem
607 881 729 944 ordinis
751 883 899 944 homines
922 883 1007 966 apud
1023 884 1106 946 Ger..

61 1021 177 1061 manos
199 1001 408 1082 generatione
430 999 578 1082 aequales
601 1009 707 1076 erant,
731 1011 762 1060 et
784 1001 910 1082 aequali
925 1002 1106 1081 gaudebant

62 1119 158 1200 jure3
180 1121 206 1179 si
229 1121 292 1200 qui,
316 1139 388 1180 cum
413 1113 536 1180 diversi
557 1130 664 1180 essent
684 1119 833 1196 ordines,
862 1121 1046 1199 inaequales
1069 1121 1103 1180 in

63 1235 180 1298 revel
211 1259 306 1298 eausa
336 1240 589 1314 concurrerent,
620 1238 654 1298 in
691 1259 727 1298 ea
764 1247 819 1297 aut
851 1237 984 1298 omnino
1013 1237 1105 1314 nibil,

33 1365 115 1416 *aut
138 1367 227 1417 certe
244 1357 327 1416 nihil
348 1356 524 1436 legitimum
547 1365 596 1414 est
617 1355 762 1415 effectum
772 1380 783 1439 r¹
801 1357 864 1416 huo
877 1355 1020 1436 pertinet
1034 1377 1106 1415 ma·-

59 1475 269 1550 trimonium,
289 1475 408 1550 tutela,
428 1473 616 1534 hereditatis
638 1475 822 1555 acquisitio,
842 1495 949 1556 pugna
970 1493 1028 1534 seu
1042 1473 1105 1532 du-

62 1589 183 1668 ellum,
210 1591 423 1671 werigeldum
445 1591 535 1672 quod
565 1604 686 1652 vocant
715 1603 748 1652 et
765 1593 818 1674 jus
842 1593 1032 1652 sententiam
1052 1591 1105 1651 se·

60 1709 166 1772 rendi.
217 1711 323 1783 Quum
350 1711 566 1790 generationis
596 1685 812 1790 coaedualitas
848 1709 889 1770 sit
923 1711 1104 1770 institutum

60 1830 145 1909 juris
167 1829 291 1901 civilis,
323 1829 511 1908 coaequales
534 1850 576 1890 ex
596 1827 660 1889 hoc
680 1831 756 1912 jure
781 1829 892 1888 eadem
913 1827 1105 1913 fruebantur

60 1947 233 2026 dignitate,
256 1949 345 2028 quod
368 1949 402 2008 in
423 1949 607 2008 hominibus
630 1949 719 2008 tertii
742 1943 773 2006 et'
795 1947 903 2026 quarti
926 1945 1011 2025 clyp.
1027 1943 1105 2017 mit,

59 2066 181 2146 quippe
210 2067 316 2146 primo
347 2087 390 2126 ex
420 2065 537 2125 o'rdine
566 2062 682 2125 civiun'r
709 2063 901 2146 progenitis,
930 2060 1104 2122 accidebat.

59 2185 225 2242 Probatur
246 2203 331 2261 spec.
353 2183 445 2241 alem.
469 2203 496 2240 c.
515 2181 588 2243 295.
612 2204 642 2262 p.
661 2180 713 2242 29.
756 2187 819 2260 „So
838 2181 925 2263 giebt
938 2179 997 2238 der
1012 2175 1104 2237 Frei-

59 2301 142 2360 lierr
165 2299 221 2358 das
244 2295 307 2359 100
329 2297 419 2358 Mark
440 2300 533 2380 giltet
553 2299 698 2378 (donum
719 2299 926 2375 matutinum)
948 2297 1000 2358 ioh
1017 2295 1103 2355 mein

57 2415 198 2476 Fiirsten
217 2415 285 2475 und
305 2416 408 2476 ander
428 2413 621 2498 Freyherrn.
664 2417 722 2476 Die
745 2415 967 2496 Mittelireyen
988 2415 1103 2493 miigen
1162 2409 1166 2416 ’

58 2538 164 2615 geben
186 2531 228 2596 10
249 2533 374 2599 Mark.“
416 2533 508 2614 Spes.
531 2557 597 2642 sax.
622 2535 673 2596 111.
696 2559 721 2599 a.
742 2531 793 2599 45.
816 2531 1103 2620 §.1.'„Vorsten,

57 2654 134 2714 vrie
152 2651 274 2714 herren
295 2655 492 2736 scepenbai·e
513 2651 609 2731 liide,
630 2653 684 2714 die
705 2653 755 2714 sin
777 2653 863 2734 gelik
879 2653 914 2712 in
926 2653 1003 2711 bute
1015 2647 1102 2709 unde

57 2773 92 2832 iu
115 2771 316 2853 weregelde,
337 2772 423 2832 doch
446 2781 516 2832 eret
537 2793 610 2832 man
632 2771 685 2832 die
699 2783 835 2834 vorsten
850 2771 937 2831 unde
959 2767 1013 2828 die
1030 2763 1103 2827 vri·

59 2910 100 2948 en
121 2889 243 2949 herren
262 2889 321 2950 mit
342 2891 440 2971 golde
462 2899 495 2950 to
521 2889 684 2968 gewene.“
734 2891 827 2970 Spec.
859 2879 1100 2948 alem.c.'171.
1191 2952 1193 2964 1

59 3033 90 3092 p.
110 3005 163 3071 83.
206 3005 330 3084 „Manu
359 3009 426 3068 soll
457 3007 523 3068 ihm
550 3005 614 3086 (ad
645 3005 791 3066 duellum
826 2985 1102 3085 evocatum)'Tag

59 3129 163 3206 geben
183 3123 265 3184 nach
286 3123 392 3185 seiner
414 3123 568 3203 gebarth,
599 3124 671 3186 dass
701 3145 738 3185 er
768 3123 835 3184 siob
859 3121 958 3196 damu
986 3125 1100 3233 berpit.

55 3243 130 3304 Den
152 3240 323 3322 Semper
342 3242 492 3324 freyen
513 3242 592 3324 (qui
617 3253 692 3303 sunt
711 3237 810 3348 primi
838 3242 963 3302 ordinis
995 3219 1100 3318 cives)

55 3364 146 3444 giebt
167 3381 258 3420 man
263 3357 329 3440 'sag
313 3357 482 3422 oiiberti.
506 3359 682 3421 Wooben“
702 3360 768 3422 vid.
789 3369 894 3420 tamen
923 3379 1023 3467 spec.
1030 3379 1098 3419 sax.

54 3481 94 3543 lt.
119 3502 146 3539 a.
168 3475 198 3541 3.
217 3476 248 3560 5
270 3475 300 3538 2:
345 3477 471 3538 Accidit
485 3487 610 3554 autem
631 3487 668 3538 ut
680 3477 821 3560 Jamboc
835 3487 983 3559 tempore
1003 3502 1098 3574 prin

57 3597 145 3677 cipes
182 3597 224 3658 ob
259 3615 381 3655 nexum
419 3600 492 3657 cuni
524 3597 683 3679 imperio,
713 3598 795 3660 hoo
832 3584 892 3658 'vel
917 3597 990 3686 illo
1025 3598 1098 3678 pri-

55 3713 197 3793 vilegio,
237 3713 325 3794 quod
359 3715 474 3775 ceteris
516 3717 731 3791 abnuebatur,
786 3676 973 3829 'gauderent
1029 3715 1097 3792 Huc

55 3839 181 3913 spectat
212 3851 296 3912 spec.
328 3853 396 3898 sax.
426 3829 463 3894 il.
491 3853 518 3895 a.
543 3829 593 3895 42
623 3829 665 3917 5.Ι
673 3823 739 3895 3.
759 3818 897 3951 „D'oeh
902 3819 1020 3938 mogen
1043 3798 1097 3892 die

53 3959 234 4011 vorsten
255 3969 404 4027 geweren
434 3971 517 4010 enen
539 3970 612 4010 man
639 3952 697 4010 nsit
719 3951 812 4010 eisem
835 3971 962 4031 openen
981 3921 1116 4058 brieveb

52 4069 211 4150 besegelt,
236 4067 327 4128 deste
349 4089 383 4129 se
410 4067 504 4129 mede
526 4067 649 4129 senden
680 4069 775 4130 einen
802 4069 875 4130 iren
906 4067 1095 4144 dienstman,

56 4185 125 4245 dict
152 4195 209 4266 gut
237 4195 351 4250 vorata
379 4209 419 4247 an
455 4187 524 4247 irer
545 4193 638 4248 stat.“
691 4187 823 4250 Causam
842 4182 974 4247 *iudicat
995 4163 1115 4266 glossa*
