2798 4994
541 1345 552 1367 .
578 1292 648 1368 IV.

284 1425 363 1500 DE*
396 1292 558 1504 Palati)
602 1427 747 1508 CLYP.
786 1431 893 1509 MIL.

221 1647 370 1724 Primus
395 1653 491 1756 clyp.
513 1651 592 1729 mil.
618 1675 688 1748 est,
716 1673 758 1730 nt
775 1681 817 1730 ex
832 1655 996 1730 fontibus
1012 1657 1130 1734 olare'*

74 1789 326 1884 cognoscitur,
360 1793 453 1890 regis
469 1793 517 1886 ¹).
565 1791 739 1880 Quamvis
774 1817 818 1867 ex
852 1818 896 1866 eo
931 1813 1110 1892 tempore,

72 1951 149 2024 quo
176 1921 372 2001 Germania
397 1926 522 2001 civitas
549 1925 752 2002 electoralis
785 1928 876 2002 faeta
904 1949 976 2022 est,
1010 1928 1111 2002 Ger-

68 2064 167 2138 mani
192 2089 315 2162 regem
341 2059 613 2162 cooptaverint,
636 2082 758 2138 tamen
783 2062 943 2139 inde·nb
972 2061 1111 2138 Ottone

69 2195 125 2290 I.,
157 2225 277 2299 quum
314 2197 424 2272 fatale
463 2192 563 2270 illud
597 2197 798 2296 imperium
828 2199 1038 2272 Romanum
1071 2199 1111 2272 in

73 2331 179 2407 mille
208 2355 329 2432 paene
357 2357 472 2405 annos
506 2357 592 2405 oum
626 2329 800 2436 dignitate
831 2335 925 2431 regis
952 2337 1114 2429 conjun-

72 2485 242 2566 geretur,
268 2463 408 2566 duplex
434 2489 589 2561 coroua,
630 2485 673 2541 ut
698 2466 746 2543 de
773 2469 900 2544 ceteris
919 2481 1119 2562 taceamus,'

72 2603 139 2677 uni
150 2628 330 2705 personae
345 2603 618 2703 imponebatur.
642 2601 782 2702 Regem
800 2602 983 2702 eligebant
1005 2603 1114 2703 prin-

73 2741 174 2841 cipes
187 2736 405 2815 Germaniae
420 2737 631 2815 electorales
652 2735 687 2838 2)
712 2741 779 2842 qni
805 2759 841 2816 et
863 2740 903 2813 in
919 2737 1114 2814 Germania

76 2873 326 2978 (Aquisgrani)
351 2874 617 2968 coronabatur,
642 2903 831 2978 quemque
856 2903 951 2976 papa
963 2873 1117 2968 Romae,

77 3009 314 3112 expeditione
338 3035 489 3088 romana
513 3031 699 3112 suscepta,
723 3035 861 3086 eorona
884 3008 1115 3109 imperatoris

75 3144 330 3220 Romanorum
365 3145 519 3220 ornabat
530 3144 576 3244 3).
626 3142 706 3220 Rex
729 3146 872 3248 primus
895 3144 936 3219 in
956 3144 1116 3221 Germa-

77 3282 156 3377 nia,
179 3281 379 3380 imperator
403 3279 653 3390 Romanorum
685 3282 826 3381 primus
853 3301 928 3356 erat
954 3278 1118 3356 advoca-

76 3441 137 3493 tus
173 3413 484 3512 Christianorum,
527 3415 734 3492 habebatur·
767 3415 940 3494 dominus
967 3413 1113 3508 mundi,

78 3577 243 3626 summus
268 3549 441 3626 omnium
466 3579 595 3650 regum
614 3549 662 3652 4).
713 3549 794 3627 Nec
821 3578 907 3650 ergo
935 3552 1053 3625 officia
1080 3573 1117 3627 et

79 3693 159 3784 jura
190 3689 284 3787 regis
318 3687 534 3764 Germaniae
561 3707 597 3764 et
621 3687 849 3788 imperatoris
864 3686 1117 3762 Romanorum

77 3821 154 3897 hoe
182 3847 273 3898 aevo
295 3818 476 3898 confundi
501 3819 650 3898 debent.
709 3821 838 3912 Quum
871 3848 960 3898 vero
987 3822 1135 3923 opinio·

75 3984 210 4058 papam
223 3955 309 4032 looo
323 3956 399 4036 Dei
425 3976 462 4034 et
477 3956 614 4034 Christi
628 3985 791 4058 regnare,
815 3958 1013 4058 ipsumque
1029 3983 1118 4032 om·-

78 4119 128 4168 ne
152 4093 350 4194 imperium
374 4121 396 4170 a
420 4089 505 4168 Deo
531 4127 536 4142 ·
557 4115 750 4195 acceptum
773 4093 814 4168 in
839 4093 1005 4194 reliquos
1031 4095 1139 4170 col-·

78 4225 221 4329 locare,
247 4226 501 4332 divulgaretur
535 4245 572 4306 et
602 4227 787 4338 permulta
813 4225 958 4336 negotia
983 4257 1117 4334 resque
