2798 4994
560 475 607 548 iii

437 577 720 600 tut-nw-

61 700 91 760 d.
113 696 290 761 Erbrecbta
311 696 344 764 d.
365 696 554 779 Sucbseusp.
575 693 669 767 1828·
689 695 827 780 11.an
849 697 903 763 85.
925 699 1020 788 clyp.
1037 703 1106 768 mil.

60 837 136 898 crgo
158 837 221 880 nce
247 816 289 878 ad
304 815 501 878 divisionem
514 817 663 897 militum,
685 837 745 878 neo
766 817 957 898 nobilitatis,
977 839 1037 880 nec
1058 823 1105 884 li-

58 937 214 996 berorum
226 933 463 1016 pertinentibus
478 977 487 1007 ,
503 934 593 1014 quod
610 943 677 996 tum
689 943 791 996 restat
804 935 839 996 iu
856 936 988 999 civitate
1009 938 1107 1001 iusti-

57 1061 179 1130 tutum,
198 1051 261 1113 uisi
280 1051 437 1114 tendant
467 1055 518 1112 Ad
541 1052 647 1113 omnic
676 1051 774 1114 simul
793 1051 927 1134 respicit
948 1054 1103 1120 bliiller

58 1170 196 1231 distinct.
231 1170 321 1230 ieud.
352 1190 379 1232 c.
406 1167 460 1230 lv.
491 1169 521 1233 d.
545 1189 576 1249 q.
596 1205 641 1218 -·-
660 1167 729 1230 Etsi
749 1180 893 1234 nostrum
915 1175 1106 1238 sententiam

58 1289 146 1348 omni
166 1289 310 1369 probare
332 1286 514 1347 studuimus
546 1288 680 1363 libello,
717 1286 771 1348 bic
792 1295 901 1350 tumen
921 1311 1025 1373 pauca
1044 1293 1106 1354 ed-

54 1404 211 1486 jiciamua.
233 1403 289 1466 lus
310 1405 401 1471 send.
423 1425 491 1465 sax.
514 1415 547 1465 et
568 1407 663 1466 alem.
686 1415 719 1467 et
740 1415 807 1468 vet.
829 1417 911 1471 unct.
934 1409 975 1469 de
996 1411 1105 1475 benef.

56 1521 207 1582 doctrina
227 1523 269 1584 de
293 1523 381 1604 clyp.
398 1524 466 1588 mil.
480 1524 533 1606 jus
547 1523 708 1605 incipiunt
721 1525 872 1602 stendale,
894 1547 1006 1588 omnes
1024 1529 1107 1611 juria

53 1641 162 1702 civilis
182 1649 213 1701 et
228 1641 367 1703 leudulis
381 1642 500 1718 fontes,
514 1643 543 1703 si
556 1643 596 1704 de
617 1642 724 1704 iendis
738 1653 836 1723 utque
848 1647 1000 1724 personis
1017 1647 1051 1707 iu
1068 1647 1108 1707 iis

58 1759 305 1820 occurrentibus
320 1770 425 1842 agunt,
441 1770 557 1821 nostro
572 1761 723 1822 nituntur
743 1761 907 1840 instituto,
928 1763 1003 1844 jure
1021 1783 1105 1832 vero

55 1873 165 1938 civilia
177 1885 362 1955 tractantes,
382 1897 539 1959 nusquam
562 1878 633 1960 ejus
645 1879 768 1940 faciunt
782 1879 989 1944 mentionem.
1010 1879 1104 1962 Spec.

52 1993 147 2054 ulem.
175 2017 203 2056 c.
230 1992 262 2081 7.Ι
292 2013 326 2076 p.
348 1993 400 2057 11.
424 2005 456 2055 et
476 1996 760 2082 praecipueppec.
783 2017 852 2061 sax.
874 1996 898 2057 Ι.
922 2019 939 2058 ι
969 1993 1000 2060 3.
1020 1997 1053 2081 §.
1074 1998 1106 2064 2.

51 2111 173 2192 qnippe
195 2131 276 2193 quae
292 2112 427 2194 singulis
441 2113 527 2192 clyp.
535 2113 602 2172 mii.
618 2113 793 2193 gaudentes
819 2125 1017 2192 enumerant,
1046 2137 1103 2177 eos

48 2227 138 2306 ipsos
169 2229 271 2288 nexui
302 2227 429 2289 feudali
456 2229 599 2288 imbutos
621 2249 709 2304 csse,
742 2231 829 2292 elsre
852 2233 974 2298 dicunt.
1018 2232 1100 2294 Sce-

49 2343 125 2423 pius
147 2343 269 2423 legitur
289 2345 411 2406 nostris
432 2344 467 2405 iu
488 2345 635 2406 lontibus
657 2345 802 2422 axioma,
838 2348 973 2410 seudum
995 2371 1013 2410 a
1035 2351 1100 2410 do-

50 2455 140 2520 inino
159 2460 305 2542 ejusdem
323 2461 410 2543 clyp.
433 2463 500 2524 mil.
517 2461 744 2544 acquirentem,
767 2485 806 2524 eo
823 2465 895 2546 ipso
913 2467 1104 2528 inferiorem

48 2577 84 2638 in
105 2577 194 2660 clyp.
215 2579 283 2642 mil.
307 2579 449 2640 detrudi.
470 2579 559 2640 Alias
578 2580 719 2660 denique
734 2593 1007 2644 commemoratur
1024 2606 1101 2644 sen-

48 2694 167 2770 tentie,
188 2696 285 2758 toties
308 2696 443 2758 eundem
464 2697 647 2758 remelium
669 2699 708 2758 ab
724 2699 788 2758 ulio
810 2699 845 2760 in
866 2700 1000 2762 lendum
1022 2702 1096 2761 edi·

47 2812 132 2892 pisci
152 2833 267 2893 posse,
287 2835 383 2896 quum
404 2815 470 2875 sint
483 2815 569 2896 clyp.
582 2814 650 2876 mil.
690 2813 737 2875 Ex
758 2827 866 2876 mente
886 2837 969 2878 vero
991 2831 1095 2879 nostr.

45 2930 190 2990 fontium
211 2952 306 2992 nemo
329 2931 416 3014 clyp.
438 2932 504 2994 mil.
525 2932 777 3012 descriptionem
798 2936 855 2994 rel
878 2935 1100 2996 definitionem

48 3045 259 3110 desiderabit.
278 3047 373 3130 Clyp.
393 3050 460 3110 mil.
483 3069 553 3111 uon
574 3049 681 3109 solum
703 3051 914 3129 vasallorum,
929 3052 1097 3114 sedetiam

48 3161 261 3224 dominorum
277 3167 471 3228 constituere
489 3167 634 3246 ordines,
654 3165 718 3250 jam
742 3187 781 3226 eo
803 3170 981 3248 probatur,
1008 3169 1098 3250 quod

49 3299 127 3358 rex,
150 3281 205 3362 qui
227 3281 377 3344 domium
400 3264 529 3364 quidem
536 3327 546 3364 ,
567 3305 636 3346 uon
656 3303 739 3347 vero
764 3287 907 3348 vasallus
929 3295 1010 3365 erat,
1029 3286 1103 3368 pri-

45 3419 138 3460 mum
159 3399 247 3481 clyp.
266 3400 337 3467 mil.
356 3400 466 3464 babet.

178 3516 210 3602 ⁵)
239 3517 421 3580 Numerum
448 3518 665 3600 septenarium
693 3515 800 3600 priori
831 3529 979 3603 tempore
1006 3520 1098 3603 apud

47 3634 228 3698 Germanos
251 3638 426 3698 sanctitatis
449 3635 571 3716 aliquid
591 3635 753 3714 babuisse,
778 3659 846 3698 non
869 3639 1016 3717 dixerim,
1038 3639 1099 3700 etsi

49 3753 180 3833 saepius
201 3753 378 3836 insiugulis
394 3755 539 3816 occurrit
559 3753 727 3818 institutis.
769 3753 863 3836 Sper.
882 3776 950 3819 aux.
973 3756 996 3818 l.
1018 3777 1047 3818 e.
1069 3758 1099 3822 3.

45 3870 141 3930 offert
162 3871 300 3950 quidem,
321 3891 363 3932 ex
379 3871 580 3934 divinatione
594 3871 736 3950 Originis
754 3882 876 3952 septem
897 3893 966 3934 esse
986 3873 1101 3934 mundi

37 3991 178 4069 'aetatem
201 4000 234 4049 et
254 3987 330 4048 binc
350 3998 401 4050 tot
423 3987 510 4070 clyp.
532 3989 599 4050 mil.
619 3997 652 4048 et
667 3989 784 4068 gradus
801 3991 1097 4071 consanguinitatis,

49 4127 147 4186 quam
175 4127 257 4167 vcro
288 4121 413 4168 causum
441 4125 554 4167 verum
580 4126 648 4166 uon
678 4106 804 4184 babent
832 4117 956 4186 septem
977 4108 1094 4188 gradus

41 4223 333 4310 consanguinitatis
359 4223 428 4308 juri
447 4223 559 4306 potius
581 4243 717 4286 romano
741 4222 920 4303 debentur,
955 4235 988 4286 et
1007 4226 1095 4306 clyp.

827 4345 886 4415 2*
