2742 4998
781 456 833 532 04

290 685 512 752 transmittunt
527 681 569 745 ed
582 681 731 762 berebet,
761 701 883 759 omues,
905 679 961 763 qui
981 697 1052 741 eum
1072 678 1205 760 babent,
1230 689 1340 744 truns-

291 808 431 883 mittunt,
450 811 627 885 propterea
646 799 736 882 quod
759 800 854 860 etism
874 799 946 876 elii,
977 799 1042 860 sint
1062 798 1161 860 modu
1192 819 1213 862 s
1241 819 1341 882 geue·

290 946 328 988 ro
368 922 516 998 militari,
558 939 611 980 res
653 918 872 1002 expeditoriss
913 915 1087 978 heredibus
1130 919 1345 1000 relinquunt

290 1042 373 1104 iiiuc
394 1049 526 1102 nostres
548 1038 724 1098 sententies
745 1038 768 1098 1.
790 1036 847 1096 lex
869 1055 937 1096 non
957 1033 1157 1099 adversatur.
1194 1038 1340 1099 inservit

291 1181 373 1222 vero
404 1158 541 1220 maxime
562 1155 615 1219 illi
644 1177 730 1240 epeo.
761 1173 829 1215 sex.
845 1153 869 1216 1.
897 1173 925 1214 u.
945 1151 997 1216 25.
1017 1155 1049 1238 ς.
1077 1153 1108 1216 4.
1141 1155 1291 1234 „Hevet
1311 1177 1340 1214 a·

291 1298 353 1340 ver
379 1277 421 1338 be
443 1274 604 1359 (meritus)
629 1275 678 1336 sik
695 1277 843 1354 begereu
861 1271 912 1354 (in
932 1277 1178 1357 monesterium)
1201 1295 1274 1335 ane
1302 1275 1338 1334 si·

291 1416 349 1458 nes
386 1395 501 1454 echten
529 1395 631 1456 wives
661 1392 775 1454 willeu
809 1388 899 1452 uude
925 1390 1114 1454 irvorderst
1144 1409 1181 1452 se
1207 1413 1285 1473 yne
1310 1401 1336 1452 to

292 1522 385 1575 senet
411 1511 522 1572 reebte
544 1521 580 1572 ut
603 1512 695 1572 deme
715 1508 874 1590 levende,
905 1509 955 1570 sin
976 1510 1147 1574 landreobt
1169 1510 1280 1571 bevet
1306 1510 1337 1570 be

292 1632 445 1696 bebalten
476 1630 562 1690 unde
594 1629 685 1690 nicht
712 1630 781 1690 sine
807 1627 878 1700 len,
913 1625 992 1689 dere
1017 1627 1059 1689 he
1088 1629 1125 1690 ef
1151 1639 1274 1708 gestan
1301 1630 1336 1704 is;

292 1747 409 1810 wende
419 1767 458 1808 en
473 1767 545 1807 mun
561 1758 629 1808 mut
643 1748 711 1810 wol
723 1747 814 1808 einen
828 1745 1034 1808 bersobilt
1050 1747 1154 1808 neder
1164 1747 1270 1827 legen
1286 1717 1348 1810 snei

233 1907 239 1920 .
293 1867 377 1926 sines
399 1866 501 1926 wives
524 1866 643 1948 gelof.“
668 1865 715 1926 Cs.
740 1883 825 1946 speo.
847 1864 940 1925 olem.
962 1886 990 1926 ο.
1011 1859 1083 1928 tub.
1105 1883 1141 1947 p.
1163 1862 1222 1928 53.
1254 1865 1333 1938 Quae

291 1985 394 2044 verbu
420 1983 507 2042 olore
537 1983 695 2057 indicunt,
725 1997 814 2057 eum',
840 1983 896 2064 qui
923 1983 1067 2044 amiserit
1094 1973 1219 2058 teuta,
1249 1987 1326 2046 etism

293 2102 379 2181 clyp.
401 2100 469 2160 mil.
491 2100 641 2175 amisisse,
661 2099 689 2160 si
710 2119 792 2162 vero
815 2097 915 2160 feudo
937 2101 1053 2160 smisso
1076 2101 1162 2184 clyp.
1185 2104 1254 2168 mit.
1268 2123 1317 2162 ue-

173 2295 182 2306 ·
293 2219 433 2278 cessario
460 2217 604 2278 ademtus
627 2227 684 2294 est,
706 2215 776 2298 ipse
798 2217 870 2277 sole
897 2219 1108 2299 acquisitione
1134 2221 1234 2282 feudi
1254 2241 1322 2282 cou-

291 2345 432 2420 psratur,
455 2356 531 2416 ergo
554 2336 623 2394 sine
644 2335 744 2396 feudo
768 2353 836 2396 non
857 2335 976 2398 existit
1007 2334 1130 2397 Ultimo
1152 2337 1233 2400 loeo
1256 2361 1333 2422 spec.

293 2457 386 2520 alem.
407 2477 433 2516 o.
455 2452 486 2516 7.
511 2476 543 2536 p.
566 2450 616 2516 11.
639 2453 782 2514 calculus
807 2463 856 2515 est
877 2453 1086 2536 adjiciendus.
1132 2453 1240 2517 Verba
1260 2467 1337 2517 suut

292 2573 387 2636 baec:
409 2573 515 2649 „tiso
539 2571 617 2634 weis
633 2591 704 2632 men
727 2571 817 2632 nicht
838 2571 881 2632 ob
900 2571 961 2632 der
976 2572 1110 2632 siebsnd
1132 2571 1229 2657 (clyp.
1249 2573 1338 2657 mil.)

292 2689 401 2750 Leben
423 2694 496 2769 mbg
517 2691 622 2749 baben
644 2689 726 2748 oder
746 2689 846 2748 uiebt.
898 2687 965 2750 Der
987 2688 1339 2753 siebend‘Heerscbild

292 2807 370 2868 bebt
399 2806 463 2866 ein
489 2804 706 2888 jegliober
729 2804 862 2884 Manu,
889 2807 950 2868 der
969 2809 1059 2870 niebt
1081 2810 1173 2889 eigen
1194 2810 1248 2888 ist,
1274 2811 1341 2871 und

294 2925 346 2986 ein
367 2922 516 2986 Ebekiud
542 2927 595 2986 ist.
604 2929 622 2962 “
674 2922 782 2986 Primo
810 2925 939 3006 quidem
961 2927 1115 3007 adspectu
1136 2928 1177 2988 de
1206 2929 1340 3006 civium,

292 3064 361 3106 nou
380 3063 462 3107 vero
490 3045 689 3106 vasallorum
713 3044 830 3108 ordine
850 3063 956 3105 sermo
980 3043 1112 3106 videtur
1132 3065 1223 3122 esse,
1253 3049 1343 3128 quod

294 3184 312 3224 e
334 3163 491 3222 diametro
514 3173 645 3224 nostrae
667 3173 752 3224 esset
772 3163 969 3228 conparium
992 3163 1178 3226 sententiae.
1218 3163 1342 3238 Quod-

294 3279 322 3344 si
347 3281 461 3342 verbu:
485 3280 518 3340 si
541 3282 701 3362 occipit
721 3282 902 3360 feudum,
923 3301 981 3342 seu
1002 3280 1165 3364 ejusmodi
1185 3283 1256 3343 alia
1282 3285 1342 3346 hoo

292 3400 369 3460 looo
392 3397 533 3478 supples‚
556 3400 660 3459 omnis
682 3419 735 3461 res
756 3402 839 3462 bene
861 3417 931 3460 sese
951 3400 1055 3460 bubet.
1086 3399 1230 3460 Laudato
1256 3423 1342 3464 vero

293 3519 393 3598 verba
435 3537 506 3577 esse
557 3517 723 3595 addenda,
772 3520 932 3600 probetur
980 3533 1039 3594 eo,
1082 3519 1171 3599 quod
1224 3520 1342 3582 fontes

293 3635 401 3698 nostri
427 3635 569 3716 saepius,
604 3655 685 3716 quse
715 3637 782 3696 illis
811 3636 1013 3717 temporibus
1039 3645 1131 3697 etant
1156 3637 1347 3714 notissima,

295 3760 463 3831 omittunt,
491 3773 552 3813 neo
572 3753 670 3814 ulium
691 3755 713 3816 1.
734 3755 757 3816 l.
780 3755 937 3837 praebere
959 3768 1103 3830 sensum,
1138 3770 1181 3815 eu
1203 3766 1346 3818 eutece-

295 3871 443 3934 dentibus
464 3881 498 3932 et
518 3875 785 3956 subsequentibus
806 3874 830 3933 l.
854 3882 912 3934 ert.
933 3874 1138 3957 perspicitur.

417 4105 484 4170 Sed
503 4108 569 4192 jam
581 4109 625 4171 de
645 4107 745 4174 modo
762 4103 936 4194 ipsosque
955 4109 1133 4192 eoquiiitur
1152 4110 1243 4194 el'yp.
1261 4111 1348 4188 mii,

292 4243 396 4308 peuce
416 4225 566 4293 dicemus.
600 4227 707 4303 Quum
730 4229 856 4294 dominii
878 4239 911 4293 et
929 4229 1046 4293 noelli
1059 4230 1153 4292 notio
1174 4242 1240 4291 u'ee
1257 4251 1348 4291 con-
