2798 4994
562 1309 569 1324 .
595 1247 663 1322 ιι·

124 1389 195 1465 nn
220 1373 397 1466 vanus
426 1249 572 1462 etri.
600 1351 1065 1492 presumpturos

179 1598 343 1698 clypeus
367 1595 444 1668 mil.
472 1615 525 1668 est
547 1561 667 1694 prima
692 1591 843 1700 notione
867 1615 1014 1686 scutum
1028 1619 1111 1681 anta

78 1759 202 1831 regem
233 1733 437 1832 expositum
470 1727 519 1804 ad
552 1728 706 1803 vasallos
739 1727 946 1802 lustrandos
981 1755 1017 1806 et
1039 1740 1112 1829 {jus

78 1865 278 1941 dicendum
311 1868 361 1961 ¹,)
402 1867 535 1960 altera,
565 1865 732 1939 universa
757 1865 979 1940 vasallorum
1020 1867 1114 1960 illuc

77 2001 374 2080 convenientium
405 1997 607 2110 multitudo
643 2001 700 2101 ²);
742 1998 905 2072 similiter
940 2003 1046 2076 etiam
1075 2005 1114 2099 ii,

77 2140 145 2239 qui
168 2104 403 2238 principibus
429 2098 593 2231 subjecti
604 2158 716 2230 erant,
733 2164 883 2235 quum
880 2135 1004 2210 abhis
1020 2166 1116 2214 con-

79 2275 316 2366 voutbantur,
341 2272 443 2374 clyp.
465 2267 544 2342 mil
556 2272 878 2368 nuncupabantur.
909 2273 944 2369 ³)
993 2273 1050 2348 Ita
1075 2299 1114 2348 v.

80 2435 113 2482 c.
138 2407 403 2506 ahbatls‘elypr
429 2403 507 2477 aiil.
522 2403 769 2479 est-universa
795 2400 874 2500 ej
893 2407 1116 2482 vasallorum

78 2540 295 2616 multitudo.
329 2523 575 2616 Vocabatur
573 2540 618 2614 ab
637 2556 712 2633 eo,
738 2541 804 2642 qui
830 2543 982 2614 vasallos
1009 2568 1117 2616 com-

78 2699 287 2779 paraverat3
305 2670 401 2750 hiric
426 2675 585 2750 hacc⁰
531 2664 686 2777 agmina
711 2702 778 2750 seu
773 2672 902 2780 clyp.
929 2677 1009 2750 mil.
1035 2681 1118 2751 ma-

79 2821 177 2911 jores
206 2785 531 2912 nobilioresque'v
508 2781 568 2884 v²el
592 2781 784 2886 inleriores
822 2811 1118 2914 humilioresque

83 2971 197 3042 crant,
223 2978 299 3056 quo
321 2947 470 3056 gravior
496 2947 557 3022 vel
582 2935 705 3021 ιιιίιιοι
715 2939 922 3055 dignitas
911 2975 951 3020 ru
967 2947 1119 3022 domino

84 3083 370 3186 conspicaretur.
413 3081 494 3188 Hac
510 3079 612 3178 ,mihi
636 3081 695 3202 via
722 3108 772 3160 ea,
789 3076 887 3182 clyp.
913 3070 992 3160 mil.
1018 3085 1120 3195 notio

84 3239 187 3294 enata
224 3215 494 3314 videturesse,
530 3244 603 3318 qua
635 3213 683 3294 ad
709 3213 875 3294 diversos
898 3219 1121 3319 vasallorum

83 3375 223 3456 spectat
246 3351 411 3430 ordines.
462 3354 575 3456 clyp.
595 3352 695 3432 enim
719 3350 800 3430 mil.
823 3353 933 3440 tertio
959 3355 1123 3428 unitatis·-

82 3493 174 3564 simo
201 3485 409 3588 significatu
434 3509 488 3564 est
518 3510 632 3571 statas,
655 3514 723 3562 seu
748 3483 843 3561 ordo
871 3513 1124 3588 personarum,

87 3652 183 3725 quae
195 3623 426 3704 vero'insunt
444 3619 710 3700 nexuilcudali
725 3621 946 3720 germanico.
957 3625 997 3716 ⁴)
1026 3623 1123 3712 Quis

92 3787 182 3835 vero
199 3759 274 3834 hoc
288 3761 349 3835 vel
371 3759 440 3833 illo
454 3760 552 3864 clyp.
570 3757 650 3832 mil.
665 3777 813 3832 ornatus
821 3759 878 3851 sit,
907 3779 960 3833 est
975 3779 1012 3833 et
1032 3757 1124 3856 juris

87 3895 205 3972 civilis
219 3893 459 3998 (Landrecht)
479 3894 674 3971 ordinibus
697 3915 732 3970 ct
752 3889 926 3996 dignitate
942 3893 1032 3990 juris
1048 3923 1125 3998 pu-

86 4031 179 4104 lrliei
201 4053 237 4108 et
252 4033 463 4108 necessitate
491 4057 652 4132 usuque⁴
665 4021 925 4124 constitutum
958 4002 1028 4107 nee
1049 4059 1127 4104 nu-

93 4195 196 4244 mero
209 4169 306 4271 clyp.
323 4167 401 4247 mil.
416 4169 542 4244 subest
568 4169 658 4251 ratio
690 4171 737 4263 ⁵).
761 4163 826 4258 ,Ut
849 4193 937 4242 vcro
954 4167 1062 4266 aliqui
1078 4164 1127 4242 ad
