2798 4994
578 471 626 546 13

466 567 747 588 m·

173 692 216 752 At
237 689 417 772 quicunqne
441 688 546 769 dorni,
570 689 703 754 dominc
725 689 870 767 nolente,
890 691 1024 756 relictus

173 807 338 886 Defuerit,
366 806 467 870 feudo
488 806 614 890 prircri
633 809 723 872 curie
743 813 879 874 censent

87 929 137 992 Gi.
158 928 237 990 Otto
259 927 383 1007 frising.
405 925 447 988 de
470 927 538 988 reb.
561 935 639 1006 gest.
660 923 746 990 Frid.
768 925 790 990 L
812 926 889 1009 Imp.
910 925 946 990 1..
967 924 1005 990 ll.
1027 950 1053 992 c.
1074 926 1124 992 12.

87 1047 172 1124 „Est
191 1045 432 1108 consuetudinis
453 1042 574 1124 Regum
593 1043 796 1120 franconem,
824 1063 905 1126 quse
926 1053 960 1107 et
979 1047 1127 1108 teutoni·

88 1187 212 1239 corum,
231 1173 269 1226 ut
291 1163 545 1244 quotiescunque
559 1160 798 1226 adsumendum
818 1163 945 1245 imperii
967 1185 1124 1226 coronam

84 1283 221 1344 militem
248 1281 289 1342 sd
317 1279 608 1362 transalpisrndum
629 1279 811 1361 coegerint,
841 1278 876 1342 in
895 1303 1008 1364 cempo
1030 1278 1126 1344 Ron-

84 1401 186 1461 cslise
214 1421 313 1481 super
340 1396 460 1460 Pedum
485 1398 686 1460 mensionem
711 1397 848 1475 sscienty
890 1399 938 1462 ibi
967 1399 1057 1480 ligno
1087 1400 1123 1462 in

83 1518 186 1580 ultum
199 1526 354 1600 porrecto
369 1526 492 1578 scutum
504 1515 713 1598 suspenditur
725 1515 1015 1599 uniuersorumque
1028 1519 1123 1598 equi·

83 1646 153 1696 turn
174 1656 286 1718 agmen
307 1635 404 1696 sende
423 1634 609 1695 habentium
629 1634 670 1694 sd
693 1633 843 1694 excubias
857 1636 1008 1715 proxime
1023 1645 1120 1698 nocte

83 1752 225 1834 principi
251 1753 411 1815 faciendus
439 1773 500 1833 per
532 1751 642 1812 curiae
670 1772 864 1832 praeconem
895 1754 1092 1835 exposcitur.
1102 1758 1121 1792 ‘⁴

82 1881 143 1934 etc.
162 1899 205 1920 ···
231 1869 378 1948 „Omnes
401 1871 543 1930 emnium
564 1869 761 1945 beneficiati,
782 1869 926 1951 quisine
947 1872 1035 1934 bone
1054 1891 1120 1934 vo-

78 1990 203 2050 luntate
224 1989 433 2050 dominorum
454 2008 587 2049 suorum
607 1986 696 2048 domi
710 1997 942 2064 remanserunt,
962 1989 997 2052 iu
1011 1988 1119 2050 feudis

77 2106 349 2169 condemnantur.
395 2105 488 2166 llunc
507 2125 632 2166 morem
654 2105 800 2186 principe
821 2114 950 2182 secuto,
970 2128 1037 2168 non
1059 2129 1119 2170 sc·

76 2224 146 2282 lnm
175 2225 334 2284 laicorum
361 2222 475 2295 sends,
512 2221 572 2282 sed
598 2231 631 2282 et
652 2222 855 2301 quorundum
876 2224 1119 2304 episcoporum,

76 2339 112 2398 id
134 2350 183 2400 est
204 2338 351 2400 Hsrtvici
370 2339 565 2414 bremensis,
585 2348 618 2399 et
638 2337 741 2400 Ulrici
761 2339 1040 2417 halberstatensis,
1060 2361 1120 2402 re·

75 2457 160 2534 galia
194 2457 378 2538 abjudicata
397 2458 531 2520 suere.“
571 2455 633 2516 llle
656 2477 738 2518 rere
760 2457 894 2537 clypeus
912 2457 1117 2539 jurisdictio-

73 2576 123 2636 nis
145 2578 257 2656 potius
279 2595 373 2656 quem
387 2574 483 2646 aciei,
506 2587 542 2635 ut
563 2594 605 2636 ex
626 2573 658 2638 h.
680 2575 704 2637 l.
725 2583 868 2656 apparet,
889 2576 1013 2656 signum
1037 2586 1115 2642 erut.

72 2684 217 2776 Lignum,
234 2692 269 2754 in
282 2715 347 2775 quo
367 2693 501 2775 clypeus
524 2701 593 2754 eret
603 2703 777 2774 prorectns
793 2691 827 2754 in
842 2701 940 2774 terre,
960 2702 998 2755 ut
1017 2693 1116 2756 vide-

71 2821 139 2886 tur,
174 2821 244 2874 eret
283 2815 437 2894 positum.
486 2809 653 2873 hleurer
698 2811 723 2872 l.
759 2811 783 2876 l.
814 2809 944 2894 §.122
978 2833 1012 2894 p.
1040 2809 1114 2877 167.

71 2931 224 2993 Grimm
251 2930 396 2992 teutsche
423 2926 753 2992 liechtsrlterth‘dmer
780 2924 871 2992 1828.
891 2951 924 3010 p.
947 2927 1021 2996 851.
1040 2927 1114 2994 852

196 3046 275 3124 Etsi,
295 3069 392 3128 quum
414 3049 456 3110 cd
474 3048 562 3110 bunc
582 3047 736 3148 clypeum
756 3045 886 3127 imperii
897 3047 1014 3108 vasalli
1029 3069 1112 3109 con-

71 3164 240 3244 venirent,
262 3184 335 3228 eum
353 3167 440 3228 idem
460 3175 558 3248 etque
577 3166 655 3227 elias
678 3166 765 3248 clyp.
785 3165 854 3227 mil.
876 3139 1009 3243 notare,
1031 3167 1112 3228 nul.

69 3283 122 3343 lus
144 3283 275 3365 quidem
294 3283 455 3357 dubitem,
483 3284 570 3346 bunc
590 3293 698 3344 temen
718 3281 888 3364 clypeum,
908 3293 946 3344 ut
967 3284 1024 3345 elii
1044 3305 1111 3345 vo·

68 3401 159 3478 lunt,
192 3421 225 3464 v.
252 3421 283 3483 g.
310 3398 482 3464 Fischer
507 3403 612 3465 Sitten
631 3401 701 3462 und
722 3401 819 3462 Gebr.
840 3399 900 3464 der
920 3400 1111 3485 Europeeer

67 3539 141 3600 pag.
161 3515 212 3582 91.
240 3521 366 3604 signum
386 3520 542 3598 militm,
576 3541 640 3602 quo
663 3518 732 3580 scie
758 3518 916 3580 instructa
936 3520 1110 3582 utebantur

69 3637 237 3711 Germani,
269 3639 389 3716 fuisse,
421 3659 488 3700 non
509 3648 603 3720 puto.
643 3633 716 3698 tuit
737 3637 823 3700 enim
843 3635 931 3700 illud
951 3635 1108 3722 (bisiche-

67 3753 211 3838 bsnner)
230 3755 307 3817 inde
327 3777 346 3818 e
370 3767 519 3838 ternpore
540 3755 671 3818 hienrici
692 3752 716 3816 l.
735 3776 827 3818 scere
846 3753 952 3832 basta,
978 3755 1014 3818 in
1035 3775 1108 3836 que,

64 3882 103 3932 ut
123 3872 266 3948 videtur,
285 3875 413 3958 imperii
427 3873 621 3956 symbolum,
642 3872 734 3954 quod
750 3874 810 3934 sub
826 3871 887 3934 illc
903 3881 936 3934 et
948 3870 1071 3934 Ottcne
1084 3871 1109 3938 l.

64 3991 198 4071 angelus
221 3993 406 4070 exstiteret,
440 3993 634 4076 affigebatur.
676 3989 942 4052 Wittechind.
969 4011 1044 4054 snn.
1073 4011 1106 4072 p.

61 4105 134 4170 611.
149 4107 222 4172 656.
256 4107 381 4172 Deinde
395 4131 477 4172 vero
493 4111 602 4172 bertae
616 4111 728 4172 locum
741 4110 919 4190 occupabat
932 4109 1104 4186 vexillum,

60 4225 95 4286 in
121 4249 186 4308 quo
209 4227 286 4290 inde
308 4249 327 4290 e
346 4225 505 4292 friderici
525 4228 551 4293 Ι.
570 4249 653 4292 sevo
676 4227 815 4310 aquilem
838 4226 959 4306 videre
974 4224 1101 4290 licebat.
