2742 4998
544 1521 547 1532 ·
809 1477 956 1558 ‚vni

528 1615 614 1692 nn
639 1479 840 1710 oorudo
875 1589 1020 1693 onir.
1053 1609 1160 1688 run.

1348 1703 1350 1788 i

478 1819 658 1901 Homines
692 1819 846 1898 secundi
878 1819 1014 1896 civium
1044 1817 1210 1912 ordinis,
1270 1845 1347 1919 quoi

335 1953 471 2033 etiamsi
490 1957 568 2031 aliis
583 1958 727 2034 veniant
743 1955 964 2050 nominibus,
980 1951 1250 2030 medioxumos
1266 1955 1345 2054 (Mit-

329 2090 484 2190 telfreie)
508 2093 693 2194 appellare
720 2091 808 2168 licet
837 2093 888 2192 ¹),
912 2089 1026 2166 feudo
1053 2091 1098 2164 ab
1124 2089 1273 2192 aliquo,
1292 2089 1341 2189 qui

327 2227 513 2328 superiori
540 2228 637 2359 clyp.
663 2229 741 2304 mil
769 2223 923 2332 gaudet,
957 2225 1153 2329 acquisito,
1199 2225 1343 2346 quinio

332 2361 488 2464 pollent.
540 2362 596 2438 Ex
629 2364 710 2462 loge
743 2389 831 2440 vero
866 2361 913 2437 de
948 2361 1045 2463 clyp.
1078 2359 1154 2434 mil.
1192 2339 1350 2436 deininu

328 2495 452 2593 tione,
478 2497 599 2574 cidem
624 2497 791 2576 homines
816 2497 928 2601 primi
953 2494 1090 2570 civium
1116 2493 1270 2590 ordinis,
1294 2497 1350 2596 qui

331 2659 354 2708 c
379 2630 531 2708 domino
556 2633 676 2734 quarti
695 2635 792 2738 clyp.
819 2634 896 2708 mil.
922 2631 1099 2732 participo
1114 2627 1272 2704 feudum
1294 2633 1350 2706 ha·

331 2764 442 2862 bont,
472 2765 646 2868 adscripti
679 2788 872 2845 censentur
901 2769 948 2867 ²).
1002 2765 1149 2860 Feuda,
1194 2796 1295 2868 quae
1325 2771 1350 2841 iis

327 2923 564 3004 competunt,
604 2930 690 2982 vera
728 2933 812 2981 sane
846 2925 940 2980 sunt.
1005 2904 1233 2978 comitatum
1285 2931 1350 2979 vero

331 3035 560 3114 medioxumi
593 3039 745 3143 adipisci
777 3068 853 3116 non
884 3061 1037 3142 possunt
1067 3039 1118 3137 3),
1159 3062 1350 3140 proptercap

335 3169 441 3272 quod
466 3193 577 3247 sutus
605 3174 772 3270 elatione,
798 3203 893 3278 quae
919 3175 994 3250 illis
1010 3177 1243 3275 temporibus
1276 3204 1350 3249 non«

334 3304 426 3386 dum
452 3329 527 3384 erat
552 3309 592 3384 in
617 3337 707 3406 usu,
742 3337 835 3415 opus
861 3309 985 3386 fuisset
1004 3313 1048 3410 4).
1084 3309 1264 3383 Ceterum
1294 3340 1350 3386 mo

336 3441 501 3520 dioxumi
529 3465 616 3522 sunt
638 3447 777 3544 ultimi,
809 3447 875 3550 qui
899 3473 983 3522 vera
1007 3443 1118 3524 feuda
1144 3447 1350 3522 constituor

327 3599 487 3690 possunt
506 3580 551 3682 ⁵).

461 3917 492 4006 ¹)
513 3917 605 4003 Spcc.
631 3936 698 3983 su.
725 3917 749 3983 1.
769 3940 798 3984 c.
825 3915 858 3984 3.
884 3917 915 4004 ς.
941 3918 972 3982 2.
1000 3916 1076 3998 „De
1105 3924 1348 4000 scopcnbar

332 4036 411 4098 luds
436 4037 526 4106 undo
556 4037 615 4100 dor
643 4037 857 4100 vrienhsrren
884 4037 1042 4100 munden
1063 4037 1207 4102 renften.
1217 4042 1238 4076 “
1287 4038 1350 4122 Sps

327 4153 423 4221 clem.
465 4178 495 4220 c.
527 4153 560 4220 7².
587 4175 621 4240 p.
651 4152 702 4220 11.
753 4154 842 4236 „nis
875 4155 1073 4223 mittslon
1103 4155 1272 4237 freyon-
1302 4159 1348 4218 dc
