2798 4994
794 433 845 504 30

674 532 956 547 mv·-

245 677 248 684 ’
300 650 393 727 vitae
418 649 622 724 communis
656 675 753 724 nexu
787 647 925 730 feudali
958 651 1228 760 acciperentur,
1255 655 1346 728 fue-

299 807 407 882 runt,
439 785 505 887 qui
536 786 796 886 imperatorem
833 813 949 887 papae
976 787 1156 863 vasallum
1182 789 1345 866 reddere

299 919 500 997 studerent.
535 917 652 1008 Quod
669 921 699 994 si
726 947 856 994 verum
883 942 957 1017 est,
984 947 1150 1024 potestne
1168 953 1231 1001 rex
1259 927 1345 1026 pri-

296 1085 400 1130 mum
433 1055 531 1156 clyp·
563 1055 640 1134 mil.
677 1052 843 1132 habere?
868 1057 903 1156 ⁵)
960 1055 1037 1134 Etsi
1067 1059 1170 1136 hune
1204 1090 1344 1138 nexum

296 1188 482 1266 feudalem
507 1187 602 1266 inter
632 1186 890 1292 imperatorem
924 1215 960 1268 ct
986 1223 1118 1298 papam
1143 1225 1344 1296 agnoscere

297 1327 431 1420 velles,
458 1324 525 1426 qui
552 1348 671 1402 tamen
700 1353 773 1400 nou
806 1327 1060 1426 agnoscendus
1088 1351 1160 1427 est,
1186 1332 1342 1410 minime

297 1485 463 1536 nostrum
492 1482 654 1559 tangeret
682 1458 909 1558 institutum,
942 1463 1047 1565 quod
1070 1467 1192 1568 ipsum
1215 1472 1341 1544 solum

295 1595 342 1672 ad
357 1624 492 1674 nexum
507 1594 693 1672 feudalem
715 1601 962 1698 germanicum
978 1603 1195 1701 pertinebat.
1244 1605 1269 1678 J
1272 1635 1339 1682 ure

297 1760 383 1831 ergo
409 1732 617 1832 meritoque
643 1733 783 1832 primus
810 1734 907 1838 clyp.
948 1711 1025 1810 mil.
1059 1741 1136 1838 regi
1169 1741 1337 1840 assigna·

267 1859 366 1963 'tur,
392 1868 532 1970 quippe
551 1868 616 1968 qui
642 1867 782 1968 primus
814 1869 854 1944 in
882 1873 983 1948 omni
1017 1903 1114 1950 nexu
1135 1877 1276 1954 feudali
1300 1879 1335 1952 in

293 2003 490 2078 Germania
503 2003 572 2078 fuit
585 1999 630 2102 ⁶).
683 2003 736 2080 Ut
754 2032 863 2080 nemo
884 2035 947 2082 rex
961 2007 1035 2084 hoc
1050 2032 1217 2114 tempore
1235 2014 1334 2116 apud

293 2140 495 2216 Germanos
522 2158 609 2212 natu
633 2139 721 2236 fuit,
755 2137 805 2216 ita
833 2143 928 2244 clyp.
958 2143 1038 2218 mil.
1065 2149 1224 2246 nemini,
1260 2152 1329 2226 nisi

290 2277 331 2350 in
356 2302 480 2374 rogem
507 2275 639 2371 eleeto,
662 2273 956 2376 concedebatur3
981 2285 1052 2378 jam
1078 2283 1221 2384 primus
1247 2315 1330 2386 ergo

291 2411 388 2512 clyp.
420 2410 515 2524 mil.
535 2438 613 2486 non
646 2410 779 2490 ordine
814 2415 938 2490 nativo
974 2419 1193 2498 constiturus
1218 2446 1266 2500 ert
1281 2425 1320 2521 ⁷).

659 2697 948 2716 Μ

417 2871 448 2952 ¹)
469 2867 563 2952 Spee.
588 2890 656 2932 sax.
682 2867 706 2933 l.
723 2891 750 2932 e.
765 2865 796 2933 3.
819 2870 850 2956 5.
868 2872 898 2938 2.
927 2873 1001 2952 „Tu
1024 2877 1114 2942 dirre
1136 2881 1251 2946 selren
1270 2883 1327 2946 wis

284 2992 337 3066 (ut
358 2989 607 3068 septem'mundi
628 2991 765 3066 aetates)
786 2992 852 3054 sint
873 2993 915 3055 de
935 2993 1122 3060 herachilde
1143 3012 1181 3062 ut
1194 3002 1330 3083 geleget,

283 3105 343 3164 der
365 3106 406 3164 de
427 3105 558 3185 Koning
580 3105 644 3166 den
664 3106 776 3172 irstem
796 3111 925 3176 heveu‘
966 3116 1075 3189 Quum
1088 3117 1209 3202 reliqui
1222 3121 1332 3184 fontes

283 3223 321 3282 ab
343 3221 407 3282 hoc
445 3223 540 3282 nullo
562 3223 662 3285 modo
686 3228 857 3310 recedant,
876 3231 1021 3314 ringulae
1044 3255 1235 3300 enumerare
1275 3261 1333 3302 su·

279 3339 450 3420 persedeo.
493 3339 607 3400 Codex
636 3341 803 3428 Ruprecht
833 3348 971 3432 frising„
1000 3355 1056 3434 qui
1082 3355 1117 3440 5.
1138 3355 1190 3420 63.
1215 3359 1330 3441 singu.

280 3457 334 3517 los
364 3468 531 3520 enumerat
554 3462 640 3543 clyp.
663 3464 739 3543 mu,
770 3464 853 3526 nihil
873 3465 971 3532 habet
990 3473 1086 3554 novi,
1106 3475 1182 3538 hinc
1197 3497 1273 3539 eum
1298 3481 1332 3540 in

280 3576 488 3655 sequentibus
511 3599 581 3649 non¹
600 3579 710 3643 affero.

403 3691 510 3755 Liceat
530 3695 609 3777 jam,
632 3701 798 3779 quomodo
822 3701 951 3768 codices
972 3707 1126 3788 picturati
1149 3734 1234 3794 spec.
1260 3737 1333 3780 sex.

277 3808 364 3891 clyp.
386 3811 455 3873 mil.
486 3812 546 3873 sibi
568 3816 695 3898 fingant,
725 3820 877 3902 adjicere.
919 3825 999 3888 cod.
1017 3828 1213 3914 heidelberg.
1236 3834 1331 3914 clyp.

276 3929 343 3990 mil.
365 3949 432 3992 nou
455 3941 490 3994 ut
512 3935 613 4019 ceteri
636 3935 708 4000 cod.
731 3937 772 4000 ad
787 3933 898 4002 locum
919 3963 1005 4025 spec.
1020 3967 1089 4009 sax.
1113 3945 1134 4008 l.
1158 3969 1185 4009 n.
1208 3947 1251 4026 3.,
1269 3952 1330 4032 qui

273 4045 308 4106 in
328 4045 387 4109 illo
410 4047 519 4128 deest,
545 4051 603 4115 sed
631 4053 672 4114 erl
693 4065 754 4120 art·
784 4052 814 4120 1.
835 4059 918 4142 juris
940 4063 1262 4148 feud.,sax.'liabe15
1285 4071 1330 4134 cf.

272 4160 330 4224 Ko
338 4184 389 4248 pp
419 4163 504 4268 Bild.
524 4189 557 4232 u.
579 4168 672 4237 sehr.
689 4171 725 4238 P.
747 4173 777 4242 1.
795 4199 829 4264 p.
849 4177 901 4248 63.
948 4181 1088 4266 fingunt
1115 4206 1229 4252 omues
1259 4209 1328 4252 co-
