2798 4994
453 467 604 539 ·59

436 569 718 590 m

60 689 127 751 latii
143 698 175 758 et
182 687 394 772 provincialis
414 688 590 763 dubitarim
615 707 657 747 ex
669 672 961 766 burg'gsuliis'vsro
978 687 1096 749 norin-

60 808 223 888 bergensis
255 815 342 867 certe
375 806 527 887 princeps
558 814 636 869 erat.
695 795 867 887 coccsji'
907 806 949 867 ds
987 809 1095 890 primo

60 926 176 986 ordine
196 925 379 1006 principum
402 947 449 1006 ap.
471 922 729 1003 Burgermeister
750 922 772 982 l.
794 923 817 982 l.
839 923 872 982 P.
895 924 932 989 ll.
952 947 984 1006 p.
1001 923 1096 997 1248.

183 1041 216 1124 ⁴)
239 1043 363 1120 Quum,
386 1051 422 1102 nt
442 1041 581 1102 vidimus
602 1041 634 1124 §
649 1041 678 1104 ὁ.
700 1063 731 1101 n.
756 1027 785 1101 1.
807 1061 920 1120 nemo,
941 1044 1004 1105 nisi
1024 1065 1099 1106 mn-

59 1179 136 1220 nere
156 1159 331 1240 principali
352 1161 390 1219 ab
411 1160 483 1240 ipso
506 1180 581 1241 rege
603 1169 752 1240 accepto,
774 1151 924 1240 princeps
946 1159 1004 1238 sit,
1032 1163 1097 1224 ho.

59 1278 171 1354 mines,
195 1273 256 1338 etsi
283 1277 382 1357 primi
403 1276 542 1353 ordinis,
570 1277 879 1357 principumtamen
903 1281 1097 1343 ecclesiasti.

60 1415 170 1455 corum
184 1395 317 1472 vasalli,
339 1396 437 1456 tertio
452 1396 537 1476 clyp.
554 1395 621 1454 mil.
636 1415 705 1475 non
722 1388 911 1476 gaudebant.
934 1396 1097 1480 Principes

58 1531 139 1572 vero
155 1513 337 1574 saeculares
356 1514 437 1575 nihil
453 1512 656 1594 impediebat,
679 1533 743 1593 quo
759 1514 863 1573 minus
882 1527 1013 1594 praeter
1027 1520 1101 1580 seu.

59 1629 133 1690 dnm
153 1632 334 1714 principale
354 1653 373 1691 a
391 1652 478 1712 rege,
500 1631 594 1691 etiam
615 1630 713 1692 feuda
735 1652 752 1690 a
772 1632 970 1712 principibus
994 1639 1100 1696 eccle.

60 1748 195 1809 siasticis
210 1751 407 1832 acciperent,
427 1757 618 1830 propterea,
641 1747 730 1827 quod
743 1747 795 1806 illi
809 1749 997 1812 inferiorem
1014 1755 1100 1836 clyp.

62 1866 129 1926 mil.
145 1867 312 1929 habebant.
334 1866 381 1927 Eo
401 1867 502 1948 igitur
515 1865 605 1947 quod
619 1863 782 1944 principes
797 1869 975 1930 saeculares
993 1873 1100 1932 eccle-

60 1983 193 2044 siasticis
214 1995 288 2046 sunt
309 1985 468 2062 minores,
498 1985 572 2044 sine·
600 1983 686 2062 clyp.
708 1982 775 2046 mil.
805 1984 1026 2051 deminutione
1061 1991 1101 2051 ab

57 2103 125 2166 illis
144 2104 243 2168 feuda
264 2102 432 2182 acquirere
453 2109 616 2181 poterant.
691 2075 692 2080 ἵ

187 2221 222 2302 ⁵)
239 2219 395 2301 Principis
417 2238 538 2278 nomen
557 2218 591 2277 in
611 2217 685 2300 jure
698 2218 830 2299 publico
846 2220 1010 2282 civitatum
1025 2243 1102 2303 ger.

60 2321 257 2398 manicarum
279 2337 416 2399 diversis
444 2335 643 2415 temporibus
669 2335 782 2417 plnres
809 2335 957 2399 habuisse
987 2343 1101 2402 notio.

59 2477 136 2534 nes,
157 2465 270 2517 notum
297 2465 355 2517 est.
396 2452 464 2515 Jam
487 2451 616 2512 Tacitus
636 2453 671 2514 in
694 2454 863 2515 Germania
885 2476 979 2537 saepe
1006 2458 1102 2538 prin-

58 2578 167 2658 cipum
188 2575 267 2635 facit
287 2573 495 2634 mentionem.
537 2567 623 2630 Idem
647 2591 688 2630 ex
718 2572 932 2653 scriptoribus
966 2583 997 2633 et
1018 2576 1102 2657 juris

58 2691 313 2772 fontibusregni
333 2687 530 2751 Francorum
549 2687 665 2749 sidere
687 2690 774 2750 lieet.
817 2689 931 2772 Neque
958 2713 1039 2753 vers»
1068 2695 1103 2756 in

57 2814 143 2888 illis,
165 2831 269 2892 neque
291 2810 326 2870 in
343 2809 394 2869 his
415 2807 561 2871 fontibus
581 2809 719 2868 verbum
738 2807 893 2889 principis
915 2812 989 2871 satis
1020 2811 1103 2870 defi-

57 2932 164 2994 nitum
194 2929 292 2990 habet
325 2947 463 2986 sensum.
505 2924 684 3006 {Significat
713 2924 798 2984 enim
831 2927 947 3006 partim
982 2947 1106 3008 regem,

58 3050 370 3128 imperatoremque,
391 3043 508 3125 partim
528 3043 622 3124 regui
641 3059 815 3124 prooeres,
840 3043 1028 3127 optimates,
1049 3067 1105 3106 ss·

57 3169 185 3230 niores.
227 3161 337 3222 Serius
352 3181 434 3222 vero
451 3171 484 3223 et
503 3165 641 3223 maxime
659 3181 699 3222 eo
715 3149 814 3237 aevo,
836 3183 901 3243 quo
925 3162 1104 3244 disputatio

58 3295 176 3347 nostra
197 3289 363 3356 versatur,
384 3299 455 3356 res,
475 3288 514 3343 ut
526 3278 683 3356 vidimus,
704 3279 767 3339 alia
782 3289 859 3343 arat.
900 3278 1030 3341 Nostris
1045 3283 1106 3342 de.

56 3405 159 3482 nique
180 3397 383 3479 temporibus
404 3398 468 3480 jam
482 3397 558 3460 inde
578 3421 597 3460 a
616 3417 698 3458 saec.
714 3393 795 3459 Xlll.
815 3398 933 3458 iterum
950 3400 1106 3481 principis

57 3521 155 3581 notio
177 3519 224 3578 ita
245 3527 293 3578 est
313 3519 494 3594 immutata,
520 3527 559 3578 ut
578 3513 756 3576 nobilitatis
778 3513 957 3594 superioris
977 3517 1108 3578 titulum

60 3635 195 3698 indicet.
215 3635 281 3695 Etsi
296 3637 405 3696 fontes
417 3636 520 3696 nostri
532 3634 701 3704 neminem,
711 3632 774 3692 nisi
789 3651 923 3692 munere
936 3634 1109 3715 principali

62 3776 82 3814 a
104 3771 181 3832 rege
202 3763 345 3833 accepto,
365 3753 543 3834 prinoipem
556 3751 740 3812 habendum
759 3769 843 3826 esse,
865 3751 1009 3830 regulam
1023 3771 1108 3832 pro.

58 3877 203 3957 ponant,
229 3873 430 3953 propinquos
452 3880 559 3937 tamen
584 3869 740 3952 principis
767 3867 930 3930 interdum
959 3887 994 3928 se
1022 3889 1109 3950 qno·

60 4011 129 4074 qne
150 3990 313 4072 principos
336 3991 472 4072 gessisse
494 3998 527 4049 et
547 3987 744 4071 appellasse,
771 3995 893 4064 statuo,
921 4005 983 4067 qua
1009 3985 1050 4046 de
1071 4007 1109 4049 rc

60 4119 248 4171 memoratu
268 4107 365 4189 digna
386 4117 462 4196 sunt
481 4107 584 4169 verba
599 4104 665 4188 jur.
685 4101 773 4165 leud.
793 4122 862 4166 sax.
890 4123 917 4165 a.
938 4099 990 4166 20.
1011 4089 1014 4098 ³
1032 4106 1108 4182 „Ab

61 4225 106 4288 lse
127 4225 231 4290 schoa
252 4225 328 4290 sihe'
344 4227 396 4289 ein
418 4225 602 4309 geboren
631 4217 800 4286 Varstcn.“
849 4217 903 4281 sic
924 4241 1002 4304 ergo
1019 4222 1110 4283 'inter
