2798 4994
286 712 374 797 quo
405 683 511 768 aliae
540 700 678 796 partes
695 682 863 796 linguae
887 683 1065 798 pulchre
1094 637 1139 772 se
1167 687 1329 773 forma·
1382 800 1383 814 .

284 867 405 956 runt,
432 851 499 964 jue
519 849 813 964 germanicum
836 847 926 936 fere
948 851 1075 965 plane
1097 872 1161 938 eet
1188 852 1331 967 negle-
1383 906 1384 930 .

286 1035 419 1123 etum,
448 1039 560 1130 quae
582 1013 645 1100 illi
661 1011 827 1122 desunt,
855 1015 1107 1125 111111111111,
1135 1016 1214 1106 sed
1233 1046 1331 1105 ver·
1384 1033 1385 1038 '

283 1182 435 1270 naeule
490 1178 719 1266 scribendo
746 1177 938 1294 suppleri
965 1204 1155 1295 pessunt.
1182 1235 1235 1249 -
1268 1183 1332 1267 Ea
1386 1220 1387 1246 .

282 1377 407 1456 vero,
448 1373 559 1458 quae
587 1345 633 1430 in
675 1341 759 1432 hoe
787 1340 932 1430 libello
961 1346 1104 1432 minue
1139 1365 1254 1434 reete
1288 1365 1332 1430 et

281 1515 450 1630 linguae
488 1509 644 1596 latinae
691 1507 1014 1611 accommodate
1050 1512 1135 1600 sint
1164 1509 1329 1628 prolata

281 1701 331 1766 et·
353 1706 464 1792 quae
483 1675 586 1762 vitia
608 1673 917 1790 typographica
937 1674 1118 1762 fortasse
1146 1676 1324 1790 irrepse-
1391 1761 1392 1770 .

280 1845 386 1946 rint,
428 1838 559 1923 velim
566 1902 580 1945 ‚
608 1861 658 1923 ut
695 1837 966 1953 indulgenter
993 1840 1328 1954 accipiantur.-

280 2009 345 2092 Ut
395 2019 541 2086 autem
590 2031 659 2110 ea,
717 2027 829 2116 quae
874 1997 928 2086 ‹le
976 2005 1071 2118 jure
1117 2001 1330 2119 germani-

279 2202 329 2257 co
358 2168 526 2282 privato
565 2185 608 2254 et
640 2165 834 2282 publico,
881 2162 935 2252 (11
963 2169 1057 2279 jure
1096 2165 1256 2256 feudali
1287 2183 1331 2249 et

277 2332 455 2420 historia
495 2331 635 2444 patria
666 2332 713 2416 in
744 2330 828 2418 hoe
861 2331 1006 2418 libello
1044 2335 1205 2450 passim
1233 2347 1331 2414 sunt

281 2499 514 2612 disputata,
551 2495 675 2582 saeile
698 2495 886 2580 inveniri
915 2499 1097 2609 possint,
1141 2496 1323 2594 indicem

279 2659 596 2750 conficiendum
622 2660 876 2747 curavimus.
898 2707 949 2722 -
982 2665 1183 2777 Denique
1205 2659 1327 2747 nobie

277 2858 304 2916 a
331 2857 379 2917 re
411 2857 500 2912 non
531 2825 718 2912 alienum
749 2842 813 2911 est
841 2823 1002 2956 visum,
1048 2823 1229 2942 effigiem
1259 2851 1327 2906 se-

276 3011 396 3106 ptem
412 2991 537 3106 ‘elyp.
584 2991 672 3094 mil.
712 2986 949 3076 secu-ndum
990 2991 1095 3076 celb.
1135 2989 1326 3078 codicem

274 3157 534 3270 picturatum
557 3151 952 3270 heidelbergeneem
982 3153 1154 3244 addere.

883 3439 915 3527 J.
973 3439 1212 3532 Weiske.
