2742 4998
802 455 851 524 llll

308 707 383 770 rege
414 681 621 762 accipiebant.
676 673 776 747 Quasi
803 673 832 736 si
860 691 942 734 vero
970 689 1086 732 munus
1114 669 1227 744 ducis,
1269 667 1349 747 quoi

311 801 447 868 maxime
474 797 541 858 illis
563 793 763 875 temporibus
791 791 885 852 etiam
908 791 1041 850 comites
1069 785 1227 866 marginis
1259 805 1350 844 exer.

311 925 440 996 cebant,
467 911 647 999 principale
674 917 789 971 nostro
812 927 909 970 sensu
935 907 1068 983 suisset,
1096 905 1209 966 lentes
1234 903 1351 962 laudati

312 1061 368 1102 eos
398 1035 531 1097 comites
560 1028 723 1112 principes
750 1047 819 1088 non
841 1045 926 1108 esse,
948 1045 1146 1106 nequaquam
1165 1021 1350 1104 potuissent

311 1157 463 1240 probare.
507 1145 726 1210 Nihilominus
742 1153 847 1206 tamen
862 1143 952 1205 ducis
968 1163 1082 1206 munus
1098 1149 1167 1202 erat
1181 1141 1239 1200 im
1251 1137 1350 1220 perii

309 1287 475 1340 munus,
504 1265 604 1348 quid?
627 1262 717 1344 quod
739 1263 878 1342 gravius,
899 1282 992 1342 quam
1013 1260 1214 1340 principum,
1241 1267 1280 1315 et
1295 1276 1349 1314 ma·

309 1388 398 1452 trime
419 1386 547 1468 quidem
571 1382 817 1462 obpotentism,
838 1379 954 1461 quain
976 1377 1143 1438 Germania
1166 1375 1277 1434 duces
1300 1393 1348 1452 pc·

308 1509 369 1570 titi
384 1513 483 1567 erant.
524 1499 622 1574 Hinc,
643 1517 742 1578 quum
763 1517 877 1558 munus
900 1495 989 1556 ducis
1011 1495 1045 1555 in
1066 1493 1236 1575 principes
1264 1489 1347 1551 feuda

311 1615 467 1688 vexillari
495 1637 558 1680 sen.
589 1626 645 1680 str.
675 1625 807 1676 ornatos
835 1615 1026 1676 translatum
1055 1611 1112 1688 sit,
1139 1610 1207 1692 ipsi
1235 1607 1347 1680 ceteris,

312 1753 349 1803 ut
377 1739 533 1812 vidimus,
561 1735 811 1816 praestantiores
854 1741 961 1810 erant,
1000 1730 1045 1790 ita
1087 1739 1140 1807 ut,
1179 1728 1248 1788 etsi
1279 1728 1353 1804 clyp}

312 1861 379 1924 mil.
409 1854 516 1917 ornati
544 1853 636 1914 inre
664 1860 696 1910 et
718 1871 812 1910 causa
835 1849 977 1910 omnium
999 1849 1203 1910 vasallorum
1234 1845 1344 1928 judicet

245 2049 247 2054 Ι
312 1997 382 2038 csse
403 1979 556 2054 possent,
577 1970 611 2028 in
632 1967 755 2049 judicio
780 1967 962 2047 principum
983 1965 1083 2026 feudo
1106 1964 1273 2026 vexillari
1284 1956 1341 2043 pol-

314 2094 449 2154 lentium
463 2108 530 2150 non
546 2086 801 2146 admitterentur.
827 2084 933 2156 Quum
949 2083 1087 2163 denique
1106 2083 1141 2142 in
1163 2078 1265 2140 ducis
1280 2100 1338 2159 pere

316 2229 395 2272 sona
417 2209 607 2290 plerumque
634 2201 790 2284 principis
817 2219 932 2262 munus
957 2221 1028 2260 cum
1055 2200 1127 2280 ipso
1157 2199 1256 2258 ducis
1278 2216 1330 2256 con-

314 2334 472 2401 curreret,
492 2323 607 2382 ducam
629 2320 722 2379 etiam
744 2320 922 2400 principem
943 2317 1017 2396 jure
1039 2317 1209 2398 appellare
1231 2326 1325 2396 potes.

325 2422 369 2466 'l‘
440 2439 471 2523 ⁶)
493 2439 668 2519 Principes,
688 2447 726 2500 nt
746 2437 902 2512 vidimus,
926 2445 1025 2511 erant,
1052 2437 1107 2515 qui
1123 2455 1240 2494 munus
1258 2434 1346 2512 prin·

314 2561 417 2642 cipale
444 2577 532 2620 nexu
560 2565 751 2636 acceperant
777 2554 909 2614 feudali.
952 2553 1023 2613 Hoc
1047 2553 1179 2633 quidem
1196 2572 1253 2632 per
1278 2549 1348 2608 dis-

313 2679 443 2738 trictum
472 2695 530 2734 seu
557 2674 760 2734 territorium
790 2673 1001 2749 exercebant3
1040 2670 1247 2730 territorium
1274 2689 1348 2729 vero

315 2809 382 2854 non
402 2793 435 2852 in
451 2791 633 2872 principum
648 2799 716 2850 erat
730 2790 893 2850 redactum
909 2787 1097 2848 dominium.
1126 2788 1238 2859 Quum
1257 2799 1348 2848 auten

315 2913 373 2971 illa
401 2929 534 2970 munera
555 2907 691 2968 maxime
712 2907 889 2968 secundum
907 2907 990 2989 juris
1015 2905 1153 2967 feudalis
1176 2906 1350 2968 doctrinan

316 3027 512 3089 hereditaria
546 3026 611 3084 sint
636 3026 719 3085 facts
752 3035 785 3086 et
809 3025 973 3108 principes
1007 3045 1118 3105 magna
1143 3023 1180 3084 in
1216 3025 1350 3085 muneris

316 3141 463 3202 districto
493 3138 700 3222 possiderent
722 3153 754 3202 et
781 3143 985 3224 acquirerent
1010 3141 1153 3223 praedia,
1183 3145 1350 3224 graviaque

314 3261 389 3343 jura
410 3269 443 3320 et
463 3257 603 3346 regalia,¹
620 3259 744 3319 domini
764 3259 925 3320 territorii
946 3261 1100 3342 appellati
1121 3269 1154 3320 et
1174 3259 1258 3320 iacti
1284 3270 1353 3322 sunt

318 3377 468 3458 Princeps
499 3385 568 3436 erat
595 3375 743 3438 minister
768 3379 872 3458 regis,
906 3377 1057 3438 dominus
1076 3377 1252 3438 territorii
1283 3399 1353 3440 vera

254 3548 258 3555 ,
316 3512 420 3576 paene
440 3496 510 3576 ipse
537 3493 587 3560 eui
607 3495 768 3557 territorii
788 3515 860 3556 rex.
887 3495 935 3556 cf.
958 3511 1044 3576 spec.
1068 3496 1161 3555 alem.
1183 3515 1211 3557 o.
1232 3495 1315 3558 252.
1335 3517 1353 3575 p.

315 3608 367 3674 24.
395 3612 486 3693 quod
507 3612 767 3674 exheredationis
782 3633 902 3673 ¹causas
932 3631 1121 3673 enumerans
1142 3612 1224 3673 haec
1245 3613 1349 3676 habet

314 3728 400 3806 „Ob
427 3729 480 3790 ein
509 3728 600 3792 Solus
634 3731 746 3792 seinen
779 3729 893 3791 Vatter
928 3731 1092 3812 anspricht
1127 3729 1195 3790 und
1224 3751 1269 3791 so
1307 3752 1353 3811 -ge

315 3845 392 3906 than
422 3845 497 3928 ding
518 3865 588 3908 von
614 3849 688 3910 dem
709 3847 823 3909 Vatter
839 3849 1020 3928 ·ruget,die
1041 3849 1107 3908 ihm
1132 3869 1172 3908 an
1193 3848 1266 3909 deu
1292 3847 1353 3910 Leii

318 3963 438 4042 gehen,
464 3983 499 4036 ,es
529 3983 589 4046 aey
611 3964 697 4026 deun
724 3967 777 4026 ein
799 3963 895 4044 Sach,
923 3965 964 4026 da
992 3965 1047 4024 das
1067 3964 1157 4025 Land
1183 3985 1263 4028 von
1288 3987 1353 4029 ver«

256 4153 263 4162 w
317 4078 440 4145 derben
461 4082 569 4143 mlicht
590 4082 631 4144 da
656 4083 705 4144 sie
726 4083 832 4163 beyde
852 4084 912 4144 inn
931 4081 1105 4162 Wohnuog
1123 4081 1251 4161 haben,
1288 4085 1353 4144 ode:

313 4197 354 4258 cla
391 4196 621 4263 deniteat
657 4219 728 4264 voa
760 4199 947 4266 verderben
983 4197 1127 4284 mticlstg.
1152 4199 1254 4264 aleas
1297 4201 1353 4266 da
