2798 4994
792 431 841 506 12

292 659 395 734 hunc
421 681 557 734 nexum
583 649 758 740 accedere
790 652 913 749 liceat,
947 679 1014 732 seu
1038 676 1081 753 ut
1105 656 1239 760 aliquis
1264 685 1337 734 ac-

293 797 440 896 quirere
458 813 493 869 et
518 789 737 866 constituere
763 790 877 891 possit
901 789 1032 886 feuda,
1057 793 1238 896 quaedam
1264 823 1335 871 re-

292 931 437 1032 quisita,
462 927 612 1003 facultas
635 923 793 1002 feudalis
825 927 937 1000 activa
960 947 997 1002 et
1020 929 1170 1029 passiva,
1194 951 1335 1030 postu-

292 1067 427 1141 lantur.
460 1064 566 1154 Quae
591 1061 753 1156 facultas,
779 1088 865 1136 cum
889 1060 937 1138 sit
961 1060 1124 1138 conditio
1151 1064 1231 1140 siue
1253 1094 1332 1166 qua

292 1228 402 1278 nemo
427 1227 512 1276 vera
537 1197 674 1274 habere
699 1198 812 1298 possit
835 1195 965 1292 feuda,
991 1198 1091 1301 clyp.
1116 1199 1194 1276 mil.
1219 1227 1331 1302 saepe

290 1337 383 1412 hacc
407 1335 485 1438 ipsa
509 1335 658 1408 facultas
675 1335 906 1439 exprimitur.
931 1331 1026 1410 Inde
1042 1334 1187 1431 ultimo,
1213 1364 1332 1438 quem

292 1469 505 1564 statuimus,
531 1470 735 1567 significatu
760 1469 858 1572 clyp.
890 1468 970 1542 mil.
1004 1491 1056 1546 est
1089 1475 1147 1568 jus
1179 1472 1332 1551 leudale

290 1631 400 1682 seusu
426 1607 639 1704 subiectivo.
667 1601 706 1698 ⁶)

413 2048 444 2129 ²)
473 2025 649 2108 Germanos
669 2053 761 2108 scuto
791 2043 941 2126 exposito
963 2042 1135 2125 iudicasse,
1164 2033 1329 2129 probatur

283 2163 439 2226 fontibus.
458 2165 499 2230 cl.
516 2165 605 2245 leg.
627 2164 757 2224 salicum
778 2161 817 2225 Τ.
835 2157 888 2225 48.
902 2161 942 2223 ab
962 2159 1033 2224 init.
1054 2137 1151 2242 „Hoc
1169 2137 1329 2234 convenit

284 2285 462 2344 observare
490 2293 527 2344 ut
553 2281 726 2364 thunginus
746 2278 802 2342 rel
822 2280 1025 2342 centenarius
1045 2283 1182 2346 nattum
1200 2286 1325 2352 iudicet

285 2410 318 2462 et
339 2394 631 2478 scutumirflllo
653 2401 730 2482 ipso
745 2399 898 2466 halsow
938 2397 1115 2474 llsltsus
1136 2401 1271 2482 glossar.
1292 2429 1320 2472 s.

282 2539 317 2580 v.
338 2517 597 2600 Koeuigsschild.
638 2517 803 2582 Mauros
827 2515 943 2578 Gesclr.
965 2516 1025 2578 der
1046 2489 1227 2600 sltperman.
1247 2521 1312 2582 Ge.

280 2636 465 2698 richtsrers.
487 2636 519 2718 ς.
540 2633 590 2698 19.
631 2633 722 2709 ldem
743 2636 938 2696 observatur
960 2653 1003 2694 ex
1024 2633 1222 2701 Giinther.
1260 2637 1317 2700 Li·

281 2754 385 2834 guria.
408 2752 538 2816 Reubcr
558 2775 590 2836 p.
610 2749 683 2814 301.
704 2751 796 2814 1..11.
818 2753 874 2834 qui
894 2752 996 2814 canite

362 2903 575 2990 „Roncaliam
592 2912 750 2988 properat
769 2904 891 2986 rapidis
912 2903 1071 2984 attingere
1088 2907 1217 2984 castris3

361 3025 419 3086 Est
439 3027 532 3088 locus
555 3022 664 3084 ltaliae
686 3022 849 3086 modicum
870 3021 1033 3084 seiunctus
1053 3026 1092 3086 sb
1112 3027 1195 3087 urbs

361 3143 432 3214 Cui,
453 3143 527 3224 quia
546 3141 684 3222 pulchra
705 3143 769 3202 situ
790 3141 896 3221 placet
917 3139 994 3202 inde
1008 3140 1171 3204 Placentia
1188 3165 1319 3223 nomen,

360 3259 478 3320 Planus
502 3269 534 3320 et
555 3255 687 3319 Eridani
709 3256 1077 3339 placido-iunctissimus
1100 3263 1185 3323 amni

352 3351 607 3460 *Effundil'lstos
628 3377 771 3458 spatioso
793 3376 906 3441 limine
927 3399 1066 3460 campos,

358 3496 418 3556 llic
438 3496 566 3577 quoties
587 3495 706 3555 claram
727 3505 882 3576 regnator
902 3497 1007 3559 tendit
1025 3498 1067 3559 ad
1087 3493 1201 3560 urbem

357 3613 386 3674 T
389 3623 526 3677 catonus
548 3611 722 3674 Ausoniam
743 3623 906 3678 sumturus
928 3615 991 3678 rite
1012 3637 1192 3695 cononum,¹

356 3730 484 3793 Ponere
506 3710 610 3796 castra
630 3730 733 3808 solet3
755 3731 844 3811 liguo
866 3732 1074 3814 suspenditur
1094 3733 1159 3794 alto

354 3847 473 3910 Erecto
496 3849 647 3932 clypeus,
669 3857 746 3910 tuuc
765 3869 885 3930 praeco
908 3851 1014 3933 regius
1036 3872 1149 3912 omnes

355 3965 559 4028 Consecuta
580 3965 721 4027 dominis
742 3966 886 4028 feudalia
907 3969 979 4029 iura
1000 3945 1157 4032 teneulcs.

355 4081 514 4148 Excubias
536 4085 629 4166 regui
648 4084 753 4167 prima
773 4087 941 4148 celebrare
963 4085 1077 4150 fideles
1136 4097 1139 4104 '
1168 4059 1171 4073 Ι

352 4201 456 4266 Nocte
477 4211 683 4265 vetustorum
706 4195 825 4266 debent
847 4225 888 4266 ex
912 4225 1003 4266 more
1025 4217 1205 4287 parentum.
