2742 4998
781 419 828 488 72

284 655 361 720 quine
384 644 502 706 vnmnt
523 635 644 722 crpoie,
666 634 868 724 urthpntipp
889 633 1025 714 nliirque
1045 629 1166 694 civium
1190 628 1344 708 negotiis

287 751 467 836 trenupntir⁸
490 751 651 826 homines,
669 751 725 832 qul
744 761 882 832 propter
903 750 1056 810 virtutem
1079 757 1111 808 et
1132 745 1279 808 divitiae
1307 747 1344 804 nd

283 869 506 951 praestandam
529 879 709 950 equestrem
730 869 876 930 militiam
895 867 1023 942 idonei,
1060 865 1121 926 etei
1147 863 1264 924 infimi
1292 884 1344 924 er-

284 999 357 1048 uent
380 985 523 1060 ordinis,
545 987 663 1047 milites
686 997 760 1048 enrrt
782 987 868 1046 sueti.
914 983 993 1044 ilinc
1015 982 1168 1044 habemus
1189 983 1228 1044 in
1256 1002 1343 1061 spec.

286 1105 380 1166 ulem.
403 1125 427 1166 ο.
449 1101 521 1166 295.
545 1125 576 1186 p.
597 1101 648 1166 29.
671 1101 770 1180 „Und
792 1103 833 1164 iet
854 1103 905 1162 ein
929 1101 1047 1181 eigen
1074 1097 1168 1160 llenn
1191 1097 1343 1159 ttinerr

285 1221 336 1282 Ne
357 1219 420 1282 hoc
438 1220 568 1302 quidem
591 1219 732 1302 exempli
749 1221 824 1280 loeo
841 1219 985 1300 accipiar,
1008 1215 1096 1299 quod
1116 1218 1158 1278 eit
1180 1219 1326 1278 unicum
1334 1238 1340 1292 ς

285 1337 433 1418 loquitur
455 1340 538 1400 enim
560 1339 680 1402 ibidem
702 1359 785 1420 uper.
808 1337 898 1400 elem.
925 1335 966 1396 de
987 1335 1125 1401 divureie
1146 1333 1339 1395 ordinibus.

285 1455 437 1518 Ceterum
471 1456 568 1537 plura
607 1457 705 1539 hujus
747 1455 902 1537 temporie
947 1455 1095 1535 exempla
1130 1451 1338 1514 ministeria·

285 1573 365 1634 lium
397 1575 534 1638 militum
565 1575 694 1655 profert
724 1571 947 1636 lliillmuun
980 1571 1003 1633 l.
1030 1567 1175 1638 1.'r.11.
1205 1591 1245 1650 p.
1270 1568 1337 1631 311.

285 1711 374 1772 seqq.
404 1711 488 1772 spec.
520 1693 613 1756 ulem.
642 1711 669 1752 ο.
696 1688 748 1754 54.
777 1713 809 1774 p.
836 1687 905 1752 192.
940 1685 1115 1749 Scheidt
1143 1709 1230 1748 rom
1258 1689 1348 1752 Adell

285 1827 319 1890 p.
342 1805 412 1880 112.
434 1808 616 1872 strubon
645 1809 901 1871 Nebenntunden
924 1805 961 1868 Τ.
987 1804 1040 1867 111.
1061 1827 1093 1886 p.
1112 1801 1187 1868 408.
1217 1805 1280 1868 Ko
1289 1827 1332 1888 pp

286 1922 399 1986 Bilder
426 1926 448 1989 l.
478 1947 510 2010 p.
539 1926 591 1988 2⁵.
629 1926 789 1990 Klirber
818 1925 859 1986 de
890 1924 1018 1988 nobilit.
1047 1921 1179 1982 codicil.
1224 1929 1253 2002 §.
1287 1923 1326 1986 15.

288 2041 417 2114 Quodsi
452 2044 486 2104 in
522 2043 654 2106 militari
686 2045 753 2108 vita
783 2043 930 2106 hominen
961 2041 1054 2100 etiam
1088 2039 1180 2102 tertii
1212 2041 1321 2101 ordinis

174 2154 178 2164 ’
286 2171 552 2243 perseverarent,
582 2171 613 2221 et
635 2181 749 2226 eorum
771 2161 830 2222 lilii
851 2161 968 2220 iterum
990 2155 1108 2220 milites
1131 2167 1316 2230 crearemur,

288 2285 426 2357 nepotes
449 2279 617 2353 militares,
642 2279 698 2341 vel
720 2300 738 2337 e
758 2297 875 2358 genere
897 2275 1029 2338 militari
1051 2273 1151 2354 geniti
1173 2278 1327 2355 putaban-

288 2401 354 2456 tur.
389 2393 441 2456 lue
461 2395 549 2458 feud.
566 2397 658 2460 ulem.
680 2417 707 2456 e.
721 2395 751 2462 2.
774 2397 813 2456 ub
834 2395 903 2455 init.
925 2391 995 2454 Vet.
1012 2401 1096 2464 auct.
1113 2391 1155 2450 de
1172 2393 1247 2454 ben.
1267 2414 1290 2450 c.
1306 2389 1332 2456 1.

288 2516 314 2590 ξ.
335 2507 365 2572 1.
407 2510 477 2576 Ηοο
510 2523 615 2576 tamen
643 2514 720 2574 loco
752 2510 1072 2576 animadvertendum
1101 2519 1168 2586 est,
1200 2507 1333 2588 imperii

288 2623 376 2707 leger
399 2639 529 2690 neutrae
550 2631 599 2690 rei
620 2631 797 2692 contraries
819 2629 936 2692 videri.
973 2623 1149 2689 F1·iederici
1173 2626 1193 2690 l.
1213 2627 1276 2688 lex
1297 2627 1334 2686 de

288 2763 368 2828 pace
396 2745 528 2825 publice
548 2765 597 2810 an.
626 2743 719 2808 1187.
740 2767 789 2828 ep.
811 2745 963 2827 Ursperg.
991 2765 1024 2827 p.
1047 2741 1119 2806 303.
1147 2745 1194 2804 ita
1226 2755 1336 2805 sonat:

288 2860 366 2944 „De
388 2861 464 2928 filiis
486 2883 615 2948 quoque
637 2865 855 2940 aarerdotum,
877 2864 1107 2938 diaconorum,
1135 2863 1337 2923 rusticorum

290 2980 474 3050 metuimus,
502 3001 543 3042 ne
572 2983 735 3062 cingulum
762 2982 902 3046 militare
930 2987 1106 3055 resumant,
1137 2980 1254 3063 etqui
1279 2981 1338 3062 jam

292 3109 527 3171 assumserunt,
556 3119 616 3179 per
642 3099 784 3181 judicem
813 3099 1003 3180 provinciae
1029 3117 1047 3157 u
1069 3097 1182 3158 militie
1203 3098 1339 3178 pellan-

291 3223 356 3276 tur.
365 3217 388 3254 “
419 3211 620 3280 trieterica·
642 3216 680 3281 11.
703 3217 814 3281 eedem
835 3217 905 3276 sere
927 3215 1046 3276 statuit.
1072 3212 1128 3275 ldie
1151 3234 1233 3294 ergo
1262 3237 1340 3276 con·

293 3330 514 3394 etitutiouibue
529 3345 677 3412 erretur,
707 3355 747 3396 ne
769 3334 887 3398 milites
908 3332 981 3394 fieri
1002 3341 1135 3413 queant,
1157 3332 1216 3412 qui
1242 3353 1263 3392 e
1291 3353 1342 3412 ge·

292 3467 373 3508 nere
393 3449 532 3515 militum
549 3473 617 3516 non
639 3454 703 3516 rint
717 3453 793 3516 neti.
823 3451 863 3511 Et
879 3452 973 3514 aliar:
996 3493 1016 3528 ,‚
1025 3449 1113 3532 quod
1129 3449 1243 3512 nullus
1263 3471 1342 3530 por-

293 3565 335 3624 eit
357 3566 502 3648 accipere
524 3569 663 3632 militare
685 3570 864 3650 cingulum,
885 3568 947 3629 niti
968 3587 1009 3631 ex
1030 3577 1122 3648 purte
1142 3568 1249 3648 patris
1278 3569 1343 3627 eal-

293 3685 358 3744 lem
380 3683 422 3743 eit
443 3686 575 3748 miler.“
605 3685 669 3747 Iler
690 3690 797 3778 prime
821 3688 974 3771 ndepectu
991 3686 1072 3746 mira
1094 3705 1171 3745 eane
1191 3685 1344 3746 videtur.

292 3797 411 3862 Milites
437 3822 478 3864 ex
501 3804 722 3868 infimo'rtntu
741 3807 808 3868 nuti
834 3813 1016 3882 occurrunt,
1048 3812 1185 3863 attamen
1212 3803 1345 3885 legibus

292 3917 377 3996 regis
400 3923 553 3999 sancitur,
574 3943 616 3984 ne
637 3922 729 3986 fiant!
766 3923 870 3988 Nemo
894 3920 987 3986 miles
1008 3921 1112 3982 creari
1132 3929 1257 4002 potest,
1286 3921 1345 3981 nisi

291 4034 384 4116 cuju
412 4050 505 4126 puter
526 4050 559 4104 et
586 4061 666 4104 uvae
689 4041 780 4105 erant
807 4041 945 4121 militet,
973 4038 1137 4122 quomodo
1165 4057 1254 4098 vero
1285 4061 1346 4120 pa-

290 4159 344 4213 ten
371 4164 512 4220 eterne
543 4177 602 4220 eeu
634 4157 756 4244 primu!
792 4157 932 4224 familiae
959 4157 1052 4220 milen
1088 4155 1161 4216 fieri
1195 4163 1348 4236 poterat,
