2742 4998
784 1495 795 1518 .
820 1444 910 1520 VII.

517 1580 587 1654 DE
621 1443 834 1668 QUARio
872 1578 1019 1654 CLYP.
1052 1576 1161 1652 MIL.

472 1785 655 1873 Quartum
681 1785 855 1887 clypeum
880 1783 957 1858 mil.
982 1781 1136 1876 habent,
1163 1781 1261 1884 qui,
1288 1781 1349 1881 psi.

322 1951 384 1998 mo
411 1921 549 1996 civium
575 1921 847 1995 Germanorum
872 1917 996 1992 ordini
1025 1915 1222 2018 adscripti,
1262 1918 1345 1990 libcn'

323 2055 465 2134 domini
490 2055 602 2154 (sreie
629 2041 1057 2154 Herrcnj'iip'pellautur
1082 2054 1132 2151 ¹),
1164 2049 1240 2128 sed
1269 2053 1342 2124 nulla

320 2189 432 2270 feuda
458 2189 670 2291 principalia
696 2219 717 2264 a
742 2217 827 2290 rege
861 2210 999 2265 teuent.
1050 2187 1103 2260 Hi
1135 2213 1230 2262 vcro
1260 2184 1336 2263 leuda

322 2325 494 2430 quidem,
528 2353 623 2427 quae
648 2353 724 2399 uon
749 2347 834 2399 sunt
858 2323 1085 2425 p1incipalia,
1120 2323 1233 2397 etiam
1260 2349 1348 2396 arc-

322 2492 366 2562 ge
387 2463 432 2561 2),
458 2461 637 2562 saepiusa
662 2461 891 2561 principibus
920 2457 1168 2534 ecclesiasticis
1198 2481 1231 2533 et
1246 2459 1355 2529 laica-

322 2599 419 2672 libus
439 2596 645 2697 accipiunt,
672 2623 742 2670 uec
758 2597 909 2670 interest
917 2649 928 2688 ,
956 2622 1050 2694 quae
1074 2591 1168 2668 haec
1192 2591 1264 2667 sint
1287 2593 1337 2691 ³).

443 2937 448 2956 ¹
483 2917 513 3001 ¹)
535 2921 628 3000 Spec.
651 2939 717 2979 sax.
761 2915 785 2978 l.
808 2939 835 2978 a.
855 2914 886 2980 3.
908 2919 935 2998 §.
956 2915 987 2980 2.
1019 2915 1107 2994 „Die
1128 2917 1228 2977 vrien
1253 2917 1355 2978 herren

321 3037 384 3098 deu
411 3035 579 3098 vierden.“
608 3034 822 3096 Consentiunt
850 3035 951 3095 ceteri
977 3035 1096 3095 fontes.
1144 3031 1322 3116 Principes
1340 3047 1355 3092 et

318 3153 416 3213 liberi
445 3152 570 3213 domini
589 3153 663 3235 jure
684 3153 860 3212 nativitatis
882 3152 969 3212 iuter
992 3171 1134 3232 separes
1152 3163 1250 3229 aunt,
1276 3175 1355 3233 quun

318 3289 400 3331 vero
424 3267 477 3328 illi
497 3289 585 3330 nexu
606 3269 728 3331 feudali
751 3269 905 3350 principis
930 3270 1059 3330 titulum
1073 3270 1355 3348 nanciscantur,i1

319 3405 437 3467 genere
457 3385 559 3463 huuc,
589 3387 623 3446 in
645 3387 751 3466 specie
779 3386 909 3446 titulum
938 3405 969 3446 v.
1000 3409 1028 3468 g.
1059 3388 1201 3463 comitia,
1234 3391 1355 3469 palatin

317 3511 491 3584 usurpant,
512 3503 632 3585 reliqui
653 3513 758 3564 autem
781 3503 926 3582 quamvis
953 3503 1086 3580 vasalli,
1123 3504 1278 3566 retinent
1315 3527 1351 3588 po

316 3621 381 3680 tine
403 3620 534 3680 titulum
556 3621 631 3703 jure
652 3620 829 3681 nativitatis
843 3621 922 3701 ipris
938 3622 1105 3683 tributum.
1146 3619 1285 3683 Eodem
1307 3645 1355 3684 mo

317 3736 360 3798 do
384 3737 488 3818 quinti
510 3747 543 3798 et
564 3739 650 3799 texti
671 3738 781 3819 clypei
809 3737 875 3798 mil.
899 3739 1030 3815 vasalli,
1064 3738 1145 3798 inito
1173 3759 1273 3799 nexu
1306 3743 1355 3802 feu

315 3853 401 3926 (lali,
422 3873 543 3915 nomeu
564 3875 632 3914 non
653 3863 786 3916 mutent.
841 3855 948 3928 Quum
969 3862 1062 3916 veru*
1075 3856 1171 3916 etiam
1193 3870 1327 3937 quarto
1349 3860 1355 3916 i

315 3970 402 4052 clyp.
424 3972 491 4032 mil.
520 3979 627 4032 eeeent
657 3973 809 4050 comites,
840 3974 956 4034 mirum
989 3973 1085 4032 alicui
1113 3973 1225 4034 videri
1258 3977 1355 4056 possi

313 4105 374 4146 cur
394 4088 503 4148 senten
519 4087 583 4148 hoc
605 4089 732 4150 sileant.
776 4088 842 4150 Sed
860 4090 976 4150 eodem
990 4089 1090 4149 modo
1108 4095 1208 4151 tertio
1232 4092 1276 4153 in
1294 4094 1355 4172 clyp

312 4203 380 4264 mil.
403 4204 582 4286 singulares
603 4203 787 4288 principum
808 4207 923 4268 titulos
939 4205 1114 4270 desiderat.
1157 4203 1293 4272 Fontes
1317 4210 1355 4271 hc
