2742 4998
520 487 567 556 73

25 725 86 766 sen
100 702 266 786 quomodo
288 703 510 783 nonagentis
532 701 650 766 militas
670 701 858 777 evadebant,
881 701 969 780 quod
991 721 1064 772 sae-

26 823 157 904 pissime
179 822 338 892 occurrit,
366 820 393 879 si
416 837 571 900 proceras
597 818 662 900 jam
683 817 800 880 milites
830 819 1061 882 desideraban-

26 939 102 999 tur?
135 937 269 998 Hivero
289 947 426 1019 propter
449 937 573 1015 generis
592 937 738 996 militaris
763 935 923 996 defectum
945 938 1063 1000 milites

24 1056 96 1116 fieri
109 1077 175 1115 non
191 1065 349 1136 poterant.
372 1055 427 1114 g„
441 1075 538 1134 genus
554 1055 691 1114 militare
703 1055 734 1114 in
751 1053 889 1134 quodam
905 1054 1062 1114 libertatis

26 1175 192 1233 constabat
217 1173 351 1247 ordine,
379 1173 423 1232 ita
444 1181 480 1231 ut
502 1171 600 1232 modo
622 1171 664 1245 ii,
686 1173 740 1252 qni
762 1192 800 1232 eo
825 1171 921 1251 potiti
944 1179 1062 1245 essent,

25 1311 120 1349 sensn
142 1289 253 1350 stricto
277 1291 432 1351 militares
453 1291 567 1350 vocari
587 1301 736 1372 possent,
769 1289 851 1349 sicut
873 1289 987 1350 eodem
1010 1289 1063 1347 se·

23 1427 59 1467 re
87 1407 204 1483 modo,
232 1407 288 1488 qni
316 1427 350 1468 v.
380 1425 409 1487 g.
436 1417 576 1488 quatuor
603 1409 743 1490 majores
772 1407 927 1489 (Ahnen)
954 1415 1065 1487 potest

25 1526 258 1599 demonstrare,
282 1545 323 1584 ex
345 1524 513 1604 antiqua
535 1527 775 1586 nobilitatis
797 1535 890 1608 gente
906 1543 1063 1605 procrea·

23 1653 75 1702 tus
98 1642 298 1722 appellatur,
327 1641 386 1701 etsi
408 1641 547 1724 majores
578 1643 646 1724 ejus
670 1643 800 1703 minime
829 1643 956 1723 antiqua
985 1661 1063 1722 gnu-

25 1759 139 1818 derent
154 1759 331 1834 nobilitate,
347 1759 437 1841 cujas
451 1760 520 1840 ipse
536 1760 663 1840 quidem
678 1762 801 1840 primus
818 1769 866 1820 est
878 1757 1062 1841 particeps?

26 1876 116 1948 Quae
139 1886 243 1936 tamen
266 1877 372 1938 omnia
392 1877 498 1938 facilia
519 1886 594 1937 sunt
616 1878 788 1957 explicatu.
832 1875 937 1936 Homo
966 1893 1063 1954 cge-

22 2013 103 2054 nere
131 1994 265 2055 militari
293 1995 350 2056 vel
381 2013 398 2059 a
431 1993 537 2075 primo
566 2004 599 2054 et
626 1994 770 2054 secundo
800 1995 920 2054 civium
948 1992 1072 2063 ordine,

19 2111 211 2192 progenitus
242 2111 283 2172 sd
310 2113 447 2172 militem
476 2121 543 2172 erat
570 2113 791 2195 praedicatus,
821 2121 853 2172 et
881 2131 899 2170 a
924 2109 1064 2170 milito

20 2229 115 2287 miles
138 2230 242 2288 creari
264 2238 404 2309 poterat.
445 2226 597 2290 Novaro
621 2230 719 2290 homo
743 2251 810 2289 non
833 2227 979 2288 militaris
1002 2227 1064 2286 mi-

21 2340 72 2402 les
94 2345 162 2423 liat,
197 2357 310 2407 cavent
330 2348 427 2426 leges.
470 2347 618 2413 Attamen
647 2367 688 2407 ex
709 2345 912 2428 plenitudine
938 2344 1065 2426 imperii

22 2483 84 2525 rex
106 2464 194 2544 ipse,
223 2483 317 2543 quem
339 2466 457 2542 vellet,
486 2465 622 2526 militem
643 2483 753 2526 creare
775 2471 912 2544 potarat.
965 2459 1065 2535 Quod

22 2583 49 2642 si
78 2591 111 2642 et
130 2581 215 2662 patri
239 2591 354 2643 atavo
379 2583 571 2663 contigerat,
592 2601 694 2666 nepos
716 2581 865 2643 militaris
889 2589 973 2657 erat,
995 2589 1028 2638 et
1048 2599 1067 2638 a

22 2701 142 2781 quovis
176 2696 278 2760 milita
313 2701 347 2760 in
377 2701 512 2762 militem
544 2699 801 2782 promovendus.
874 2697 964 2770 Quae
992 2715 1064 2755 cum

20 2821 68 2878 ita
89 2818 170 2894 sint,
201 2818 308 2879 omnia
328 2819 411 2878 bene
428 2838 499 2879 sese
519 2818 658 2899 habent3
686 2817 825 2877 vidimus
848 2816 931 2878 enim
940 2861 949 2893 ,
979 2835 1065 2894 quo-

19 2935 123 2997 modo
155 2944 188 2997 et
214 2935 316 2996 infimi
344 2934 469 2996 ordinis
498 2935 646 2996 homines
675 2933 710 2996 in
737 2934 854 2996 milites
885 2933 996 3008 evehi,
1033 2941 1066 2992 et

23 3052 193 3133 quomodo
216 3051 290 3128 lex,
316 3053 449 3135 nequis
480 3051 543 3113 nisi
564 3051 697 3112 militari
725 3071 880 3134 agenore
908 3051 1000 3112 miles
1023 3053 1065 3130 (a

23 3169 155 3243 milite)
177 3175 322 3248 creetur,
350 3171 509 3231 servanda
530 3179 563 3231 et
583 3167 793 3250 intelligenda
814 3169 863 3230 sit.
917 3167 1065 3228 Proben-

25 3287 62 3347 di
88 3258 187 3347 ‘cansa
208 3305 311 3368 panos
335 3297 409 3350 sunt
438 3287 596 3350 addenda.
645 3286 837 3349 Giinther
852 3285 891 3345 'in
912 3283 1063 3366 Ligurino

22 3407 44 3466 l.
69 3405 107 3466 ll.
132 3425 218 3466 vers.
242 3403 313 3466 151.
334 3405 412 3466 haec
431 3405 547 3466 habet:

106 3522 240 3603 „thue
262 3524 328 3584 suis
351 3543 476 3584 omnem
499 3523 668 3603 depellere
688 3518 805 3582 finibus
824 3517 951 3580 hostem

113 3639 219 3702 Possit
239 3649 272 3702 et
292 3661 455 3702 armorum
476 3642 612 3722 patriani
633 3641 756 3702 virtute
777 3638 873 3714 tueri,

115 3755 286 3828 Quoslibet
308 3779 349 3818 ex
371 3759 485 3820 humili
506 3761 625 3840 vulgo,
657 3756 747 3838 quod
769 3755 873 3815 Gallia
893 3751 1027 3815 foedum

115 3871 257 3952 iudicat,
287 3877 407 3958 accingi
429 3878 536 3958 gladio
559 3876 709 3939 concedit
730 3871 880 3956 equestri.
890 3875 909 3909 “

26 3992 110 4053 Otto
147 3990 280 4074 Frising.
322 3995 364 4056 do
405 4005 483 4076 gest.
516 3992 690 4058 Friederic.
733 3990 757 4058 1.
788 3989 823 4052 L.
866 3987 905 4052 ll·
944 4009 975 4052 a.
1017 3982 1068 4048 18.

27 4156 47 4188 „
57 4111 165 4183 Quem
181 4120 352 4174 stratorem
367 4127 429 4174 rex
449 4111 491 4175 ad
505 4131 540 4173 se
561 4123 713 4173 vocatum
728 4107 860 4170 militari
875 4102 1002 4189 cingulo
1026 4105 1069 4165 ob

27 4238 95 4288 tam
117 4229 319 4310 praeclarum
339 4229 463 4292 facinus
484 4230 712 4292 honorandum
734 4224 890 4290 decrevit.
940 4225 982 4285 At
1001 4223 1069 4296 illa,
