2798 4994
799 469 865 564 ss

313 695 404 768 baut,
432 711 516 772 spec.
545 709 611 751 sax.
640 687 691 752 tlt.
723 711 750 752 a.
777 687 829 754 62.
859 689 890 778 5.
918 690 948 753 2.
970 717 1012 740 ·-
1032 691 1058 754 E
1079 693 1362 778 praecedentibus

311 833 393 874 vero
419 809 525 871 elucet
547 818 747 887 causa,'cur
766 809 804 870 ab
837 829 951 870 eorum
973 814 1159 873 recedamus
1182 815 1364 895 sententia,

312 932 367 1012 qui
394 949 427 989 v.
456 949 482 1009 g.
512 923 723 987 Eiohhorn
751 927 775 987 l.
804 927 828 987 l.
856 925 888 1010 5.
917 925 988 989 294.
1017 951 1129 991 omues
1163 933 1307 992 comites
1331 933 1363 992 in

313 1057 461 1132 quartum
475 1045 562 1126 clyp.
572 1045 635 1104 mil.
652 1045 837 1108 detrudunt.
859 1043 941 1106 Satis
959 1045 1042 1106 enim
1057 1045 1275 1108 demonstrari
1296 1072 1363 1130 po·

310 1175 382 1241 test,
405 1164 513 1223 multis
537 1163 705 1224 comitibus
721 1183 836 1224 munus
855 1163 1033 1244 principale
1049 1169 1087 1228 ab
1102 1167 1174 1248 ipso
1189 1187 1269 1246 rege
1294 1189 1364 1229 esse

254 1291 257 1298 ⁴
312 1302 516 1353 concessum,
538 1301 656 1362 eosque
678 1281 798 1340 nemini
820 1281 881 1340 uisi
903 1283 972 1361 regi
989 1284 1152 1366 subjectos
1174 1283 1296 1364 fnisse,
1325 1309 1361 1348 ex

312 1421 376 1482 qno
399 1399 560 1483 principes
583 1420 639 1460 eos
661 1408 801 1480 putatos,
824 1399 904 1461 fluit.
946 1399 1039 1483 Speo.
1063 1423 1129 1462 sax.
1150 1401 1200 1462 lll.
1223 1403 1281 1468 52.
1303 1407 1327 1489 5
1337 1407 1360 1470 2.

312 1519 383 1581 Rex
404 1519 492 1596 „liet
520 1517 592 1578 dem
614 1526 750 1577 vorsten
780 1517 961 1600 grassoap.“
1011 1515 1103 1600 Spec.
1133 1520 1227 1582 alem.
1252 1545 1286 1584 c.
1310 1523 1357 1589 20,

312 1665 342 1724 p.
374 1637 445 1702 102.
490 1635 659 1712 „Manen
686 1655 756 1714 mag
785 1635 866 1696 auch
898 1635 992 1696 chain
1022 1636 1150 1698 stirsten
1178 1643 1271 1700 ambt
1304 1647 1358 1704 mit

310 1757 403 1820 recht
424 1755 541 1815 msvain
563 1773 699 1812 mannen
720 1751 809 1813 nicht
829 1753 994 1833 geleihen,
1026 1755 1190 1833 geschiolst
1219 1761 1307 1820 aber
1330 1773 1375 1826 est

313 1879 343 1937 ir
365 1873 534 1937 icdweder
555 1891 623 1950 mag
652 1869 710 1928 mit
739 1869 832 1929 recht
861 1871 949 1930 nicht
971 1871 1022 1930 ein
1042 1871 1127 1935 liirst
1156 1877 1247 1956 gasin
1272 1882 1353 1940 noct

312 1993 487 2076 gelreissen.
529 1988 607 2048 Also
631 1993 701 2066 mag
722 2005 795 2044 man
808 1986 923 2046 weder
937 1991 1119 2069 margrafen
1134 1995 1223 2056 noch
1238 1998 1349 2080 psalta.

313 2112 424 2194 graleu
452 2106 538 2169 nooh
568 2103 800 2183 gr·afschaft
821 2103 991 2183 (theilen)
1019 2129 1089 2170 wer
1124 2112 1176 2172 die
1207 2117 1341 2192 gethailt,

312 2253 348 2291 so
371 2230 491 2290 habeut
512 2243 549 2303 sy
572 2222 634 2281 den
656 2241 770 2282 namen
784 2223 974 2283 verloren.“
1013 2229 1104 2308 Spco.
1122 2251 1188 2291 sax.
1205 2233 1243 2292 in
1257 2257 1337 2315 prae-

310 2349 433 2410 fatione
455 2345 541 2406 iuter
560 2340 723 2421 principes
747 2351 913 2401 enumerat
929 2343 1078 2405 comitem
1094 2347 1287 2413 brenensem
1306 2354 1350 2418 lll.

311 2489 337 2530 a,
367 2463 418 2528 ,26
446 2463 477 2550 5.
504 2505 534 2528 a.
566 2461 715 2524 comitem
748 2457 1035 2541 asserslebensem,
1086 2467 1126 2528 cf,
1159 2467 1275 2550 Kopp
1306 2475 1347 2532 de

310 2585 400 2664 insig.
430 2581 588 2640 different.
620 2587 707 2638 ¹sect.
744 2577 768 2638 l.
797 2579 831 2661 5.
857 2576 909 2639 31.
935 2578 986 2643 20.
1013 2581 1065 2645 21.
1108 2585 1269 2649 Mascov
1291 2612 1345 2671 pr.

256 2675 258 2682 Ι
309 2705 373 2787 jur.
396 2699 484 2783 publ.
505 2695 538 2756 L.
562 2695 614 2757 lV.
637 2717 663 2756 o.
684 2695 713 2758 5.
735 2693 766 2776 5
793 2690 846 2756 48.
889 2699 996 2770 Quum
1026 2723 1106 2763 vero
1137 2707 1242 2767 serius
1272 2730 1350 2788 per-

309 2820 405 2887 multi
427 2817 580 2878 comitnm
602 2835 669 2874 non
692 2823 799 2874 essent
818 2817 993 2898 principes,
1017 2829 1048 2880 et
1070 2841 1088 2880 a
1109 2843 1185 2902 rege
1209 2827 1302 2886 tituli
1326 2837 1354 2888 et

245 2909 250 2917 ¹
308 2939 461 3006 nobilitas
478 2935 649 3010 darentur,
668 2935 871 3013 potentiores
889 2935 1051 2998 interdum
1067 2939 1099 2999 in
1112 2943 1272 3023 principis
1290 2957 1354 3006 stn-

309 3070 377 3123 tum
405 3064 480 3115 aunt
510 3055 587 3113 elati
613 3049 806 3134 (gelisratete
839 3053 1181 3136 craten)‚K1itber
1212 3059 1257 3121 (le
1280 3068 1374 3140 nob]

308 3175 380 3236 cod.
401 3172 431 3255 5.
453 3167 483 3232 8.
507 3191 572 3250 seq.
614 3167 680 3227 Alii
701 3187 781 3228 vcro
804 3169 928 3230 comitia
949 3173 1046 3233 titulo
1077 3196 1144 3235 uon
1165 3181 1355 3258 utebantur,

307 3293 468 3356 Weisse
490 3287 513 3349 l.
535 3287 558 3348 l.
581 3294 657 3348 sect.
681 3283 704 3344 l.
724 3285 746 3369 5
766 3283 817 3350 20.
860 3285 910 3347 Ex
931 3289 1092 3352 hodierno
1122 3295 1255 3375 quidem
1282 3303 1374 3382 jure,

243 3467 245 3472 ,
306 3409 438 3495 publico
461 3425 568 3467 comes
589 3405 737 3486 principe
762 3405 902 3465 inferior
924 3415 986 3484 est,
1015 3411 1081 3471 illis
1112 3431 1194 3472 vero
1217 3423 1358 3500 tempo.

305 3529 395 3596 ribus
417 3545 469 3587 res
491 3528 589 3606 longe
612 3519 779 3596 crotalia,
800 3523 891 3583 notio
915 3527 1000 3588 enim
1022 3530 1148 3590 comitis
1171 3541 1202 3591 et
1222 3537 1358 3614 princi·

305 3649 356 3730 pis
387 3644 485 3706 valde
516 3652 565 3704 est
594 3651 725 3702 mutata.
773 3637 814 3700 Et
839 3651 876 3703 ut
904 3643 1004 3708 hodie
1026 3647 1060 3708 iu
1083 3649 1277 3730 Germania,
1305 3657 1358 3738 qui

303 3764 459 3847 principis
486 3761 583 3822 titulo
611 3759 756 3841 pollent,
784 3762 864 3821 socii
890 3765 1189 3828 confoederationis
1211 3767 1360 3833 Germa-

303 3885 375 3947 niae
397 3873 452 3942 alii
472 3869 562 3955 sunt,
584 3879 639 3938 alii
660 3899 729 3938 non
750 3887 840 3956 sunt,
867 3881 911 3942 ita
931 3883 996 3943 illis
1015 3888 1218 3968 temporibus
1241 3911 1360 3952 comcs

302 3999 457 4084 principis
475 3997 629 4079 (lignitate
641 3997 705 4057 -vel
725 3995 792 4057 frui
813 3999 868 4060 vel
888 4021 956 4061 uon
977 4001 1044 4063 frui
1064 4015 1202 4084 poterat.

427 4113 535 4189 Quum
557 4113 653 4174 etiam
674 4115 808 4177 comites
829 4117 993 4201 principes
1016 4140 1087 4182 esse
1105 4134 1262 4205 possent,
1300 4149 1362 4189 ne.

286 4203 357 4296 ¹mo
381 4225 617 4315 slc'principali
638 4229 797 4313 dignitato
814 4233 919 4312 ducis,
952 4239 1076 4301 comitis
1106 4241 1274 4322 marginis,
1300 4267 1361 4327 pe-
