2798 4994
783 447 834 516 22

676 539 960 558 ffl-

287 683 400 764 utque
433 661 561 748 ob-et
591 656 887 750 tublnfsudutio,
912 658 1068 732 maxime
1101 651 1203 755 opud
1234 655 1346 731 Ger-

293 821 422 886 munos
448 795 590 890 usitate„
616 793 723 868 vuldo
749 791 1108 872 eircumsribebutur.
1176 790 1229 871 Ut
1247 819 1345 889 ergo

295 959 337 1018 eu
369 929 527 1038 tempori
553 951 589 1010 et
621 925 882 1012 consuetudini
916 947 1158 1000 consentaneo
1193 925 1346 1003 ratione

294 1066 410 1168 possit
443 1065 627 1161 exerceri,
660 1065 716 1138 illi
742 1063 903 1158 ordines,
930 1063 979 1136 ob
1000 1061 1223 1136 vasallorum
1249 1062 1346 1161 dig-

292 1201 442 1278 nitatem
475 1199 523 1280 nd
566 1199 837 1304 expeditionem
871 1225 1056 1273 romanam
1097 1197 1158 1271 vel
1198 1199 1346 1274 curiam

292 1326 387 1435 rigis
428 1337 721 1438 comparentium
766 1334 948 1436 imprimis
989 1332 1189 1434 propositi,
1236 1338 1346 1410 omui

293 1497 393 1546 nexu
418 1471 559 1550 feudali
586 1472 928 1572 observabantur-2).
982 1467 1043 1544 De
1057 1490 1235 1569 ternpore,
1259 1499 1343 1570 quo

295 1629 398 1684 enata
438 1607 486 1684 sit
526 1623 767 1709 personarum
812 1632 911 1680 nexu
952 1601 1091 1682 feudali
1129 1606 1342 1708 germanico

293 1746 502 1838 junctorum
541 1741 672 1820 divisio
714 1743 753 1824 in
781 1739 945 1820 diversos
986 1740 1084 1845 clyp.
1118 1740 1208 1836 mit,
1243 1741 1342 1816 nihil

290 1877 381 1952 certi
418 1901 556 1954 constet
577 1880 632 1980 ²),
684 1905 753 1956 uec
792 1879 913 1954 vacuis
962 1875 1059 1954 nitor
1108 1880 1343 1972 conjecturis.

293 2011 338 2088 In
365 2015 629 2116 capitularibus
655 2041 782 2112 regum
809 2000 1048 2106 Francorum,
1074 2003 1231 2088 maxime
1261 2013 1342 2088 Cu-

293 2150 366 2224 roli
392 2147 502 2248 Meg„
528 2151 665 2226 centies
700 2149 854 2250 quidem
878 2167 1216 2224 'commemorantur
1234 2149 1341 2248 epie-

291 2285 396 2386 oopi,
422 2287 581 2382 uhhstes,
607 2287 818 2381 obbatissae,
844 2281 971 2380 duces,
998 2283 1190 2385 optimates
1206 2305 1243 2359 et
1267 2311 1339 2358 co-

291 2421 397 2496 mites
432 2422 580 2518 vasalli,
622 2420 669 2498 de
703 2420 835 2498 ordine
866 2447 955 2498 vero
992 2445 1120 2494 eorum
1154 2445 1332 2519 nusquam

294 2555 440 2657 aliquid
467 2557 677 2660 exponitur.
727 2555 788 2632 Ab
814 2556 883 2630 illo
899 2581 988 2631 nevo
1014 2583 1134 2656 usqne
1163 2553 1209 2630 ad
1231 2575 1328 2629 tern-

291 2711 385 2792 pore
412 2693 547 2795 quibus
582 2719 695 2796 spec.⁸
722 2718 793 2766 sex.
810 2697 868 2791 jus
895 2688 996 2766 ieud.
1025 2717 1112 2787 sex„
1140 2714 1176 2767 et
1202 2691 1335 2790 reliqui

292 2827 415 2902 fontes
438 2827 531 2926 juris
563 2827 721 2904 feudalis
756 2825 796 2902 itt
823 2829 935 2902 vitum
969 2823 1209 2932 prodierunt,
1246 2827 1340 2900 alios

294 2962 385 3059 juris
417 2961 574 3040 seuduli's
604 2965 804 3062 'germanici
822 2965 955 3040 'sontes
989 2989 1066 3038 non
1099 2951 1341 3062 habemns⁴).

299 3100 398 3174 Gom
423 3125 512 3174 vero
538 3101 658 3184 fontes
674 3099 788 3174 modo
814 3097 965 3192 laudati,
992 3096 1041 3174 de
1065 3100 1163 3202 clyp.
1190 3089 1271 3174 mil.
1298 3121 1342 3172 ut

296 3232 344 3310 de
377 3261 417 3310 re
451 3234 624 3310 omnibus
658 3255 747 3310 note
778 3234 1000 3335 loquuntur,
1027 3263 1084 3310 res
1119 3233 1199 3336 ipse
1240 3257 1342 3308 oerte

293 3371 442 3446 saeculo
483 3369 572 3445 XII.
605 3358 751 3446 initium
792 3372 932 3470 cepisse
979 3369 1137 3446 videtur.
1206 3367 1345 3466 Viguit

201 3549 203 3560 =
293 3533 361 3606 per
402 3508 592 3582 saeculum
631 3506 749 3605 XIII,
793 3505 977 3620 sequenti
1005 3533 1113 3602 vero,
1155 3523 1254 3581 certe
1297 3533 1347 3580 ee

294 3642 464 3734 notione,
507 3671 580 3770 qne
623 3641 786 3718 diversos
825 3623 1046 3716 vesallornm
1079 3639 1283 3718 ordines
1271 3668 1349 3712 sn-

192 3803 194 3806 ·
297 3773 513 3871 dicabat,
503 3781 681 3853 roteriisse
723 3775 882 3854 videtur.
943 3777 1043 3876 Lege
1080 3777 1233 3880 quidem
1268 3801 1351 3850 ex-

292 3934 417 4012 presse
443 3915 540 4016 clyp.
574 3914 689 3991 mil.
678 3913 885 3989 institutum
918 3914 1106 3988 subletum
1134 3937 1224 4004 esse,
1259 3939 1345 3986 uon

293 4043 474 4124 dixerim:
500 4065 570 4124 nee
589 4049 686 4128 enim
704 4048 783 4124 tulis
797 4050 856 4125 lex
872 4065 1004 4144 exstet,
1029 4077 1098 4124 nen
1115 4074 1156 4125 ee
1178 4047 1349 4124 Germa-

291 4206 428 4258 norum
460 4182 627 4261 moribus
659 4187 864 4297 conveniet.
922 4179 997 4260 Illo
1039 4212 1128 4262 vero
1168 4207 1348 4286 tempore
