2742 4998
518 451 568 528 89

403 555 683 572 m

24 673 188 747 tribuisse,
209 673 267 734 vix
290 673 493 738 crediderim.
535 673 623 757 (Non
647 675 730 742 onim
754 693 864 736 omnes
886 676 983 738 fonds
997 676 1058 738 ha-

22 792 133 852 bentes
155 811 270 852 vorum
289 793 341 874 jus
362 793 493 854 seudule
514 791 672 869 habuisse,
693 791 771 852 vide
791 791 823 875 ἕ.
845 789 895 854 13.
916 792 960 878 n.)
990 793 1059 856 Huc

23 907 94 966 finis
116 929 142 971 c.
164 907 195 970 7.
217 929 301 990 spec.
323 911 417 970 alem.
443 911 592 992 pertinet.
623 911 727 989 „Also
748 910 844 974 weiss
866 931 939 971 man
959 911 1060 996 nicht,

25 1026 67 1084 ob
88 1025 148 1096 der
164 1025 297 1088 siebeud
313 1025 422 1088 Lehen
441 1029 514 1108 miig
530 1029 638 1089 huben
660 1029 741 1089 oder
761 1027 859 1090 nicht.
872 1061 912 1078 -
929 1027 1059 1092 Lehen-

23 1141 114 1202 recht
145 1145 212 1222 gibt
238 1167 312 1206 man
335 1147 408 1208 dem
433 1149 536 1225 nicht,
568 1147 627 1208 der
654 1148 729 1226 frey
759 1166 855 1207 vorm
883 1147 1059 1210 siebenden

25 1258 204 1328 Heerrchilt
232 1265 284 1325 ist.
336 1266 439 1326 Wenn
462 1267 540 1326 aber
565 1265 624 1324 der
643 1263 729 1324 Herr
752 1264 810 1323 der
832 1264 934 1323 cinem
956 1267 1060 1345 gelei-

22 1376 87 1454 het,
107 1380 166 1444 der
184 1382 241 1450 hat
259 1385 306 1442 als
329 1393 385 1462 gut
403 1383 496 1443 recht
519 1383 627 1460 daran,
650 1380 697 1441 als
721 1381 833 1440 dorin
853 1381 923 1440 dem
946 1382 1070 1444 secli-·

23 1505 115 1558 sten
138 1497 324 1562 Heerschilt
344 1501 464 1577 stehet,
494 1501 579 1560 doch
599 1499 735 1562 zweihet
756 1498 824 1558 sich
853 1499 904 1558 ihr
932 1499 1060 1561 Lehen·

21 1613 129 1692 recht,
165 1617 214 1678 uls
248 1619 303 1680 das
337 1618 530 1679 Lehenbuoh
563 1617 705 1678 hernach
739 1616 831 1689 ¹wohl
866 1617 1061 1679 bescheiden

22 1730 119 1792 kann.
131 1737 150 1773 “
201 1734 374 1798 Hiclocns
398 1737 519 1818 duplici
538 1737 636 1798 modo
652 1733 799 1812 .intelligi
820 1745 938 1814 potest.
987 1736 1060 1796 Pri-

23 1869 77 1910 1110
94 1849 143 1926 iis,
165 1853 221 1930 qui
235 1855 319 1934 clyp.
335 1857 401 1918 mil.
420 1867 539 1938 carent,
561 1856 632 1935 ipse
648 1873 686 1914 ea
700 1855 734 1913 in
746 1853 924 1934 feudajura
937 1852 1077 1931 tribuit,

21 1985 103 2044 quae
113 1968 213 2047 ipsius
219 1973 393 2055 participes
408 1974 536 2052 habent,
556 1985 588 2035 et
604 1973 744 2055 quidem,
765 1992 846 2052 quae
863 1981 961 2032 sexto
975 1973 1062 2052 clyp.

21 2084 88 2144 mil.
108 2098 306 2167 competunt.
345 2091 444 2162 Quod
466 2095 581 2168 tarneu,
604 2113 675 2150 cum
696 2109 791 2151 sanae
812 2089 933 2150 rationi
951 2099 986 2149 et
1002 2087 1062 2150 n‘e·

18 2211 114 2262 turne
135 2205 186 2266 rei
206 2218 373 2284 repugnet,
396 2209 596 2292 (acciperent
614 2208 654 2283 ii,
682 2207 796 2287 quibus
816 2209 950 2288 proprie
971 2207 1065 2270 nulla

20 2319 56 2378 in
75 2318 174 2380 feuda
189 2321 416 2386 adscribuntur
435 2327 525 2407 jura,
546 2348 612 2388 non
628 2327 734 2386 solum
750 2327 839 2408 paria
859 2347 930 2386 cum
944 2329 1062 2406 proxi-

20 2438 94 2510 mis,
116 2437 174 2500 sed
195 2441 361 2504 etiemhia
382 2447 479 2524 (sept.
501 2445 604 2527 clyp.)
623 2445 786 2520 meliora),
809 2455 901 2525 atque
924 2444 985 2502 alia
1002 2465 1063 2504 ex.

17 2557 168 2638 plicaudi
189 2560 271 2622 ratic
292 2560 325 2620 iu
346 2571 502 2644 promptu
522 2563 579 2641 sit,
611 2563 758 2644 equidem
780 2583 895 2625 verum
914 2583 981 2622 non
1002 2563 1064 2624 ha.

19 2677 96 2738 beo.
139 2675 190 2738 Ex
220 2698 256 2738 ea
275 2680 402 2740 ratione
430 2682 513 2742 enim
537 2683 629 2762 paria
656 2681 832 2743 feudorum
860 2679 1063 2760 incapacibus

17 2793 96 2875 jure
122 2795 158 2856 in
178 2817 296 2878 genere
324 2819 398 2861 cum
426 2801 558 2860 vasallis
586 2800 670 2860 sexti
687 2769 777 2880 clyp.
805 2807 981 2881 propterea
1005 2799 1066 2859 ad-

20 2913 120 2988 dicit,
147 2915 237 2994 quod
264 2915 316 2997 jus
337 2917 426 2977 scud.
451 2940 476 2982 s.
502 2927 539 2978 st.
561 2918 595 2977 in
615 2915 715 2978 feuda
741 2939 759 2975 a
781 2914 913 2980 vasallis
938 2917 1066 2996 septimi

21 3029 113 3108 clyp.
135 3031 204 3089 mil.
222 3034 374 3111 requisita
393 3054 462 3095 uon
475 3035 634 3115 agnoscit3
654 3031 862 3114 vasalli'ergo
879 3034 964 3094 sexti
981 3033 1067 3118 clyp.¹

18 3147 92 3210 mil.
114 3147 164 3225 iis,
188 3147 244 3228 qui
256 3148 407 3212 facultate
419 3151 518 3212 sends
537 3153 611 3234 jure
628 3152 751 3213 feudali
773 3173 797 3214 s.
815 3161 854 3212 st.
877 3152 1067 3232 acquirendi

22 3265 177 3328 destituti
204 3276 298 3344 suut,
327 3270 471 3349 proximi
499 3270 703 3333 antecedunt.
761 3267 796 3329 Si
825 3268 909 3328 enim
943 3289 960 3327 e
990 3289 1066 3329 aen..

17 3383 129 3444 tentia
150 3404 236 3465 spec.
264 3385 355 3448 elem.
375 3387 522 3449 homines
546 3389 674 3470 septimi
701 3389 786 3468 clyp.
806 3387 875 3448 mil.
895 3386 948 3469 jus
969 3385 1068 3448 feuda

18 3522 107 3564 vera
128 3503 319 3582 acquirendi
339 3505 510 3582 haherent,
532 3507 618 3586 clyp.
640 3507 706 3570 mil.
729 3515 888 3582 carentes,
918 3525 935 3564 c
957 3525 1068 3566 rerum

19 3629 145 3682 natura
166 3641 237 3682 curu
258 3623 389 3684 vasellis
411 3624 547 3706 septimi,
568 3645 636 3684 non
658 3623 741 3684 sexti
764 3623 850 3703 clyp.
877 3623 945 3683 mil.
975 3645 1068 3684 com.

19 3748 182 3820 parasset,
203 3761 275 3802 oum
295 3761 378 3802 vero
400 3743 478 3803 illos
500 3741 632 3804 vasallis
653 3741 739 3802 sexti
760 3740 844 3822 clyp.
863 3741 930 3803 mil.
955 3741 1068 3822 aequi-

18 3866 139 3938 vocet,
165 3859 300 3938 septimo
324 3859 411 3940 clyp.
438 3860 506 3924 mil.
531 3861 583 3942 jus
608 3859 739 3920 feudale
769 3880 794 3920 s.
821 3865 861 3923 st.
889 3879 958 3919 non
987 3879 1069 3918 cou-

18 3976 146 4038 cedere
174 3975 314 4039 videtur.
376 3977 587 4059 Posteaquam
616 3997 692 4057 ergo
720 3994 806 4052 rem,
844 3974 885 4034 de
914 3995 976 4057 qua
1004 3975 1068 4034 du-

16 4096 132 4154 bitare
157 4095 273 4172 liceat,
305 4095 501 4178 proposuit,
527 4096 591 4179 jam
620 4095 719 4177 ipsam
756 4090 904 4172 negando
940 4091 1069 4156 decidit.

19 4211 59 4271 Si
85 4231 164 4294 ergo
194 4212 342 4274 homines
365 4214 493 4298 septimi
520 4215 606 4296 clyp.
629 4213 695 4278 mil.
717 4211 769 4296 jus
799 4228 913 4272 verum
938 4209 1069 4274 leudale
